@ARTICLE{Smith1977-vw,
  title     = "Meta-analysis of psychotherapy outcome studies",
  author    = "Smith, M L and Glass, G V",
  journal   = "The American Psychologist",
  publisher = "psycnet.apa.org",
  volume    =  32,
  number    =  9,
  pages     = "752--760",
  year      =  1977,
  language  = "en",
  issn      = "0003-066X",
  pmid      = "921048",
  doi       = "10.1037//0003-066x.32.9.752"
}

@BOOK{Borenstein2011-yx,
  title     = "Introduction to Meta-analysis",
  author    = "Borenstein, Michael and Hedges, Larry V and Higgins, Julian P T
               and Rothstein, Hannah R",
  publisher = "John Wiley \& Sons",
  year      =  2011
}

@BOOK{Krantz2002-bt,
  title     = "A Primer of Real Analytic Functions",
  author    = "Krantz, Steven G and Parks, Harold R",
  publisher = "Springer Science \& Business Media",
  year      =  2002
}

@BOOK{Spinellis2006-dd,
  title     = "Code Quality: The Open Source Perspective",
  author    = "Spinellis, Diomidis",
  publisher = "Addison-Wesley",
  year      =  2006
}

@BOOK{Wampold2019-fe,
  title     = "The Basics of Psychotherapy: An Introduction to Theory and
               Practice",
  author    = "Wampold, Bruce E",
  publisher = "American Psychological Association",
  year      =  2019
}

@article{glass_primary_1976,
  title     = "Primary, Secondary, and Meta-Analysis of Research",
  author    = "Glass, Gene V",
  journal   = "Educational Researcher",
  publisher = "American Educational Research Association",
  volume    =  5,
  number    =  10,
  pages     = "3--8",
  year      =  1976,
  issn      = "0013-189X",
  doi       = "10.3102/0013189X005010003"
}

@article{ioannidis_why_2008,
  title     = "Why most discovered true associations are inflated",
  author    = "Ioannidis, John P A",
  journal   = "Epidemiology",
  publisher = "JSTOR",
  volume    =  19,
  number    =  5,
  pages     = "640--648",
  year      =  2008,
  language  = "en",
  issn      = "1044-3983, 1531-5487",
  pmid      = "18633328",
  doi       = "10.1097/EDE.0b013e31818131e7"
}

@ARTICLE{carter_series_2015,
  title     = "A series of meta-analytic tests of the depletion effect:
               Self-control does not seem to rely on a limited resource",
  author    = "Carter, Evan C and Kofler, Lilly M and Forster, Daniel E and
               McCullough, Michael E",
  journal   = "Journal of Experimental Psychology. General",
  publisher = "psycnet.apa.org",
  volume    =  144,
  number    =  4,
  pages     = "796--815",
  year      =  2015,
  language  = "en",
  issn      = "0096-3445",
  pmid      = "26076043",
  doi       = "10.1037/xge0000083"
}

@article{cannon_meta-analysis_2006,
  title     = "Meta-analysis of cardiovascular outcomes trials comparing
               intensive versus moderate statin therapy",
  author    = "Cannon, Christopher P and Steinberg, Benjamin A and Murphy,
               Sabina A and Mega, Jessica L and Braunwald, Eugene",
  journal   = "Journal of the American College of Cardiology",
  publisher = "onlinejacc.org",
  volume    =  48,
  number    =  3,
  pages     = "438--445",
  year      =  2006,
  language  = "en",
  issn      = "0735-1097, 1558-3597",
  pmid      = "16875966",
  doi       = "10.1016/j.jacc.2006.04.070"
}

@article{hedges_estimation_1984,
  title     = "Estimation of Effect Size under Nonrandom Sampling: The Effects
               of Censoring Studies Yielding Statistically Insignificant Mean
               Differences",
  author    = "Hedges, Larry V",
  journal   = "Journal of Educational and Behavioral Statistics",
  publisher = "American Educational Research Association",
  volume    =  9,
  number    =  1,
  pages     = "61--85",
  year      =  1984,
  issn      = "1076-9986, 0362-9791",
  doi       = "10.3102/10769986009001061"
}

@article{mcshane_adjusting_2016,
  title     = "Adjusting for Publication Bias in Meta-Analysis: An Evaluation
               of Selection Methods and Some Cautionary Notes",
  author    = "McShane, Blakeley B and B{\"o}ckenholt, Ulf and Hansen, Karsten
               T",
  journal   = "Perspectives on Psychological Science",
  publisher = "journals.sagepub.com",
  volume    =  11,
  number    =  5,
  pages     = "730--749",
  year      =  2016,
  issn      = "1745-6916, 1745-6924",
  pmid      = "27694467",
  doi       = "10.1177/1745691616662243"
}

@book{friedman_elements_2001,
  title     = "The Elements of Statistical Learning",
  author    = "Friedman, Jerome and Hastie, Trevor and Tibshirani, Robert",
  publisher = "Springer",
  year      =  2001
}

@article{higgins_measuring_2003,
  title     = "Measuring inconsistency in meta-analyses",
  author    = "Higgins, Julian P T and Thompson, Simon G and Deeks, Jonathan J
               and Altman, Douglas G",
  journal   = "British Medical Journal",
  publisher = "bmj.com",
  volume    =  327,
  number    =  7414,
  pages     = "557--560",
  year      =  2003,
  language  = "en",
  issn      = "0959-8138, 1756-1833",
  pmid      = "12958120",
  doi       = "10.1136/bmj.327.7414.557",
  pmc       = "PMC192859"
}

@misc{simonsohn_[59]_2017,
	title = {[59] {PET}-{PEESE} {Is} {Not} {Like} {Homeopathy}},
	url = {http://datacolada.org/59},
	urldate = {2017-12-04},
	journal = {Data Colada},
	author = {Simonsohn, Uri},
	month = apr,
	year = {2017},
}

@misc{simonsohn_[58]_2017,
	title = {[58] {The} {Funnel} {Plot} is {Invalid} {Because} of {This} {Crazy} {Assumption}: r(n,d)=0},
	url = {http://datacolada.org/58},
	urldate = {2017-12-04},
	journal = {Data Colada},
	author = {Simonsohn, Uri},
	month = mar,
	year = {2017},
}

@misc{gervais_putting_2015,
	title = {Putting {PET}-{PEESE} to the test...},
	url = {http://willgervais.com/blog/2015/6/25/putting-pet-peese-to-the-test-1},
	urldate = {2017-12-04},
	journal = {Will Gervais},
	author = {Gervais, Will},
	year = {2015},
	month = jun
}

@Manual{team_r_2000,
   title = {R: A Language and Environment for Statistical Computing},
   author = {{R Core Team}},
   organization = {R Foundation for Statistical Computing},
   address = {Vienna, Austria},
   year = {2020},
   url = {https://www.R-project.org/},
}

@article{moreno_assessment_2009,
  title     = "Assessment of regression-based methods to adjust for publication
               bias through a comprehensive simulation study",
  author    = "Moreno, Santiago G and Sutton, Alex J and Ades, A E and Stanley,
               Tom D and Abrams, Keith R and Peters, Jaime L and Cooper, Nicola
               J",
  journal   = "BMC Medical Research Methodology",
  publisher = "Springer",
  volume    =  9,
  pages     = "2",
  year      =  2009,
  language  = "en",
  issn      = "1471-2288",
  pmid      = "19138428",
  doi       = "10.1186/1471-2288-9-2",
  pmc       = "PMC2649158"
}

@article{simpson_penalising_2017,
  title     = "Penalising Model Component Complexity: A Principled, Practical
               Approach to Constructing Priors",
  author    = "Simpson, Daniel and Rue, H{\aa}vard and Riebler, Andrea and
               Martins, Thiago G and S{\o}rbye, Sigrunn H",
  journal   = "Statistical Science",
  publisher = "Institute of Mathematical Statistics",
  volume    =  32,
  number    =  1,
  pages     = "1--28",
  year      =  2017,
  language  = "en",
  issn      = "0883-4237, 2168-8745",
  doi       = "10.1214/16-STS576"
}

@article{lakens_reproducibility_2016,
  title     = "On the reproducibility of meta-analyses: six practical
               recommendations",
  author    = "Lakens, Dani{\"e}l and Hilgard, Joe and Staaks, Janneke",
  journal   = "BMC Psychology",
  publisher = "Springer",
  volume    =  4,
  number    =  1,
  pages     = "24",
  year      =  2016,
  language  = "en",
  issn      = "2050-7283",
  pmid      = "27241618",
  doi       = "10.1186/s40359-016-0126-3",
  pmc       = "PMC4886411"
}

@article{elson_twenty-five_2014,
  title     = "Twenty-Five Years of Research on Violence in Digital Games and
               Aggression",
  author    = "Elson, Malte and Ferguson, Christopher J",
  journal   = "European Psychologist",
  publisher = "Hogrefe Publishing",
  volume    =  19,
  number    =  1,
  pages     = "33--46",
  year      =  2014,
  issn      = "1016-9040",
  doi       = "10.1027/1016-9040/a000147"
}

@article{simmons_false-positive_2011,
  title     = "False-positive psychology: undisclosed flexibility in data collection and analysis allows presenting anything as significant",
  author    = "Simmons, Joseph P and Nelson, Leif D and Simonsohn, Uri",
  journal   = "Psychological Science",
  publisher = "journals.sagepub.com",
  volume    =  22,
  number    =  11,
  pages     = "1359--1366",
  year      =  2011,
  language  = "en",
  issn      = "0956-7976, 1467-9280",
  pmid      = "22006061",
  doi       = "10.1177/0956797611417632"
}

@article{simonsohn_p-curve:_2014,
  title     = "P-curve: a key to the file-drawer",
  author    = "Simonsohn, Uri and Nelson, Leif D and Simmons, Joseph P",
  journal   = "Journal of Experimental Psychology. General",
  publisher = "psycnet.apa.org",
  volume    =  143,
  number    =  2,
  pages     = "534--547",
  year      =  2014,
  language  = "en",
  issn      = "0096-3445",
  pmid      = "23855496",
  doi       = "10.1037/a0033242"
}

@article{stanley_beyond_2005,
  title     = "Beyond Publication Bias",
  author    = "Stanley, T D",
  journal   = "Journal of Economic Surveys",
  publisher = "Wiley Online Library",
  volume    =  19,
  number    =  3,
  pages     = "309--345",
  year      =  2005,
  issn      = "0950-0804",
  doi       = "10.1111/j.0950-0804.2005.00250.x"
}

@article{easterbrook_publication_1991,
  title     = "Publication bias in clinical research",
  author    = "Easterbrook, P J and Berlin, J A and Gopalan, R and Matthews, D
               R",
  journal   = "The Lancet",
  publisher = "Elsevier",
  volume    =  337,
  number    =  8746,
  pages     = "867--872",
  year      =  1991,
  language  = "en",
  issn      = "0140-6736",
  pmid      = "1672966",
  doi       = "10.1016/0140-6736(91)90201-y"
}

@ARTICLE{oyserman_does_2008,
  title     = "Does culture influence what and how we think? Effects of priming
               individualism and collectivism",
  author    = "Oyserman, Daphna and Lee, Spike W S",
  journal   = "Psychological Bulletin",
  publisher = "psycnet.apa.org",
  volume    =  134,
  number    =  2,
  pages     = "311--342",
  year      =  2008,
  language  = "en",
  issn      = "0033-2909",
  pmid      = "18298274",
  doi       = "10.1037/0033-2909.134.2.311"
}

@article{gotzsche_data_2007,
  title     = "Data extraction errors in meta-analyses that use standardized
               mean differences",
  author    = "G{\o}tzsche, Peter C and Hr{\'o}bjartsson, Asbj{\o}rn and Maric,
               Katja and Tendal, Britta",
  journal   = "Journal of the American Medical Association",
  publisher = "jamanetwork.com",
  volume    =  298,
  number    =  4,
  pages     = "430--437",
  year      =  2007,
  language  = "en",
  issn      = "0098-7484, 1538-3598",
  pmid      = "17652297",
  doi       = "10.1001/jama.298.4.430"
}

@article{doucouliagos_publication_2009,
  title     = "Publication selection bias in minimum-wage research? A
               meta-regression analysis",
  author    = "Doucouliagos, Hristos and Stanley, Tom D",
  journal   = "British Journal of Industrial Relations",
  publisher = "Wiley Online Library",
  volume    =  47,
  number    =  2,
  pages     = "406--428",
  year      =  2009,
  doi       = "10.1111/j.1467-8543.2009.00723.x"
}

@article{ferguson_angry_2015,
  title     = "Do angry birds make for angry children? {A} meta-analysis of video
               game influences on children's and adolescents' aggression,
               mental health, prosocial behavior, and academic performance",
  author    = "Ferguson, Christopher J",
  journal   = "Perspectives on Psychological Science",
  publisher = "Sage Publications Sage CA: Los Angeles, CA",
  volume    =  10,
  number    =  5,
  pages     = "646--666",
  year      =  2015,
  issn      = "1745-6916",
  doi       = "10.1177/1745691615592234"
}

@article{nuijten_prevalence_2016,
  title     = "The Prevalence of Statistical Reporting Errors in Psychology
               (1985--2013)",
  author    = "Nuijten, M B and Hartgerink, C H J and van Assen, Malm",
  journal   = "Behavior Research Methods",
  publisher = "Springer",
  year      =  2016,
  issn      = "1554-351X",
  doi       = "10.3758/s13428-015-0664-2"
}

@ARTICLE{Anderson2010-ki,
  title     = "Violent video game effects on aggression, empathy, and prosocial
               behavior in eastern and western countries: a meta-analytic
               review",
  author    = "Anderson, Craig A and Shibuya, Akiko and Ihori, Nobuko and
               Swing, Edward L and Bushman, Brad J and Sakamoto, Akira and
               Rothstein, Hannah R and Saleem, Muniba",
  journal   = "Psychological Bulletin",
  publisher = "psycnet.apa.org",
  volume    =  136,
  number    =  2,
  pages     = "151--173",
  year      =  2010,
  language  = "en",
  issn      = "0033-2909, 1939-1455",
  pmid      = "20192553",
  doi       = "10.1037/a0018251"
}

@ARTICLE{Ferguson2010-to,
  title     = "Much ado about nothing: the misestimation and overinterpretation
               of violent video game effects in eastern and western nations:
               comment on {Anderson} et al. (2010)",
  author    = "Ferguson, Christopher J and Kilburn, John",
  journal   = "Psychological Bulletin",
  publisher = "psycnet.apa.org",
  volume    =  136,
  number    =  2,
  pages     = "174--8; discussion 182--7",
  year      =  2010,
  language  = "en",
  issn      = "0033-2909, 1939-1455",
  pmid      = "20192554",
  doi       = "10.1037/a0018566"
}

@ARTICLE{Stegenga2011-zo,
  title     = "Is meta-analysis the platinum standard of evidence?",
  author    = "Stegenga, Jacob",
  journal   = "Studies in History and Philosophy of Biological and Biomedical
               Sciences",
  publisher = "Elsevier",
  volume    =  42,
  number    =  4,
  pages     = "497--507",
  year      =  2011,
  language  = "en",
  issn      = "1369-8486, 1879-2499",
  pmid      = "22035723",
  doi       = "10.1016/j.shpsc.2011.07.003"
}

@ARTICLE{Kunda1990-ry,
  title     = "The case for motivated reasoning",
  author    = "Kunda, Z",
  journal   = "Psychological bulletin",
  publisher = "psycnet.apa.org",
  volume    =  108,
  number    =  3,
  pages     = "480--498",
  year      =  1990,
  language  = "en",
  issn      = "0033-2909",
  pmid      = "2270237",
  doi       = "10.1037/0033-2909.108.3.480"
}

@ARTICLE{Duval2000-ct,
  title     = "A Nonparametric ``Trim and Fill'' Method of Accounting for
               Publication Bias in Meta-Analysis",
  author    = "Duval, Sue and Tweedie, Richard",
  journal   = "Journal of the American Statistical Association",
  publisher = "Taylor \& Francis",
  volume    =  95,
  number    =  449,
  pages     = "89--98",
  year      =  2000,
  issn      = "0162-1459",
  doi       = "10.1080/01621459.2000.10473905"
}

@ARTICLE{Stanley2014-gx,
  title     = "Meta-regression approximations to reduce publication selection
               bias",
  author    = "Stanley, Tom D and Doucouliagos, Hristos",
  journal   = "Research Synthesis Methods",
  publisher = "Wiley Online Library",
  volume    =  5,
  number    =  1,
  pages     = "60--78",
  year      =  2014,
  doi       = "10.1002/jrsm.1095"
}
@ARTICLE{Helland1987-eb,
  title   = "On the interpretation and use of {R2} in regression analysis",
  author  = "Helland, Inge S",
  journal = "Biometrics",
  pages   = "61--69",
  year    =  1987,
  issn    = "0006-341X",
  doi     = "10.2307/2531949"
}

@ARTICLE{Hogan2000-rm,
  title     = "Reliability Methods: A Note on the Frequency of Use of Various
               Types",
  author    = "Hogan, Thomas P and Benjamin, Amy and Brezinski, Kristen L",
  journal   = "Educational and Psychological Measurement",
  publisher = "SAGE Publications Inc",
  volume    =  60,
  number    =  4,
  pages     = "523--531",
  year      =  2000,
  issn      = "0013-1644",
  doi       = "10.1177/00131640021970691"
}

@ARTICLE{Sterne1954-yn,
  title   = "Some Remarks on Confidence or Fiducial Limits",
  author  = "Sterne, Theodore E",
  journal = "Biometrika",
  volume  =  41,
  number  = "1/2",
  pages   = "275--278",
  year    =  1954,
  issn    = "0006-3444",
  doi     = "10.2307/2333026"
}

@UNPUBLISHED{Deng2011-bk,
  title  = "Density estimation in {R}",
  author = "Deng, Henry and Wickham, Hadley",
  year   =  2011,
  url    = "http://www2.cs.uh.edu/~ceick/7362/T2-4.pdf"
}

@UNPUBLISHED{Busing2019-tv,
  title  = "{Monotone/Isotonic} Regression: A Simple and Fast O(n) {PAVA}
            Implementation",
  author = "Busing, Frank Mta",
  year   =  2019,
  url    = "http://deleeuwpdx.net/pubfolders/gifi/Gifi_New/monotone.pdf"
}

@BOOK{Casella2002-lg,
  title     = "Statistical inference",
  author    = "Casella, George and Berger, Roger L",
  publisher = "Duxbury Pacific Grove, CA",
  volume    =  2,
  year      =  2002
}

@MISC{Alexander2013-co,
  title        = "Lizardman's Constant Is 4\%",
  author       = "Alexander, Scott",
  month        =  apr,
  year         =  2013,
  url          = "https://slatestarcodex.com/2013/04/12/noisy-poll-results-and-reptilian-muslim-climatologists-from-mars/",
  howpublished = "\url{https://slatestarcodex.com/2013/04/12/noisy-poll-results-and-reptilian-muslim-climatologists-from-mars/}",
  note         = "Accessed: 2020-8-4"
}

@ARTICLE{Savalei2019-se,
  title     = "Don't Forget the Model in Your Model-based Reliability
               Coefficients: A Reply to {McNeish} (2018)",
  author    = "Savalei, Victoria and Reise, Steven P",
  journal   = "Collabra: Psychology",
  publisher = "The Regents of the University of California",
  volume    =  5,
  number    =  1,
  year      =  2019,
  doi       = "10.1525/collabra.247"
}

@ARTICLE{Marx1978-rf,
  title     = "Construct Interpretations of Three Self-Concept Inventories",
  author    = "Marx, Ronald W and Winne, Philip H",
  journal   = "American Educational Research Journal",
  publisher = "American Educational Research Association",
  volume    =  15,
  number    =  1,
  pages     = "99--109",
  year      =  1978,
  issn      = "0002-8312",
  doi       = "10.3102/00028312015001099"
}

@ARTICLE{Ozer1985-wy,
  title     = "Correlation and the coefficient of determination",
  author    = "Ozer, Daniel J",
  journal   = "Psychological bulletin",
  publisher = "psycnet.apa.org",
  volume    =  97,
  number    =  2,
  pages     = "307--315",
  month     =  mar,
  year      =  1985,
  url       = "https://psycnet.apa.org/fulltext/1985-19147-001.pdf",
  issn      = "0033-2909, 1939-1455",
  doi       = "10.1037/0033-2909.97.2.307"
}

@ARTICLE{McDonald1981-xz,
  title     = "The dimensionality of tests and items",
  author    = "McDonald, Roderick P",
  journal   = "The British Journal of Mathematical and Statistical psychology",
  publisher = "Wiley Online Library",
  volume    =  34,
  number    =  1,
  pages     = "100--117",
  year      =  1981,
  issn      = "0007-1102",
  doi       = "10.1111/j.2044-8317.1981.tb00621.x"
}

@ARTICLE{Raykov2019-yr,
  title     = "Thanks Coefficient Alpha, We Still Need You!",
  author    = "Raykov, Tenko and Marcoulides, George A",
  journal   = "Educational and Psychological Measurement",
  publisher = "journals.sagepub.com",
  volume    =  79,
  number    =  1,
  pages     = "200--210",
  year      =  2019,
  language  = "en",
  issn      = "0013-1644, 1552-3888",
  pmid      = "30636788",
  doi       = "10.1177/0013164417725127",
  pmc       = "PMC6318747"
}

@ARTICLE{McNeish2018-vu,
  title     = "Thanks coefficient alpha, we'll take it from here",
  author    = "McNeish, Daniel",
  journal   = "Psychological Methods",
  publisher = "psycnet.apa.org",
  volume    =  23,
  number    =  3,
  pages     = "412--433",
  year      =  2018,
  language  = "en",
  issn      = "1082-989X, 1939-1463",
  pmid      = "28557467",
  doi       = "10.1037/met0000144"
}

@ARTICLE{Egger1998-kj,
  title     = "Bias in location and selection of studies",
  author    = "Egger, M and Smith, G D",
  journal   = "British Medical Journal",
  publisher = "bmj.com",
  volume    =  316,
  number    =  7124,
  pages     = "61--66",
  year      =  1998,
  language  = "en",
  issn      = "0959-8138",
  pmid      = "9451274",
  doi       = "10.1136/bmj.316.7124.61",
  pmc       = "PMC2665334"
}

@ARTICLE{Egger1997-ue,
  title     = "Meta-analysis: principles and procedures",
  author    = "Egger, M and Smith, G D and Phillips, A N",
  journal   = "British Medical Journal",
  publisher = "bmj.com",
  volume    =  315,
  number    =  7121,
  pages     = "1533--1537",
  year      =  1997,
  language  = "en",
  issn      = "0959-8138",
  pmid      = "9432252",
  doi       = "10.1136/bmj.315.7121.1533",
  pmc       = "PMC2127925"
}

@BOOK{Manski2003-aq,
  title     = "Partial identification of probability distributions",
  author    = "Manski, Charles F",
  publisher = "Springer Science \& Business Media",
  year      =  2003
}


@ARTICLE{Steegen2016-fj,
  title     = "Increasing Transparency Through a Multiverse Analysis",
  author    = "Steegen, Sara and Tuerlinckx, Francis and Gelman, Andrew and
               Vanpaemel, Wolf",
  journal   = "Perspectives on Psychological Science",
  publisher = "journals.sagepub.com",
  volume    =  11,
  number    =  5,
  pages     = "702--712",
  year      =  2016,
  language  = "en",
  issn      = "1745-6916, 1745-6924",
  pmid      = "27694465",
  doi       = "10.1177/1745691616658637"
}


@BOOK{Lord1968-ax,
  title     = "Statistical theories of mental test scores",
  author    = "Lord, F M and Novick, M R",
  publisher = "Addison-Wesley",
  year      =  1968
}

@ARTICLE{Gilbert1991-ch,
  title     = "Positive Definite Matrices and {Sylvester}'s Criterion",
  author    = "Gilbert, George T",
  journal   = "American Mathematical Monthly",
  publisher = "Taylor \& Francis",
  volume    =  98,
  number    =  1,
  pages     = "44--46",
  year      =  1991,
  issn      = "0002-9890",
  doi       = "10.1080/00029890.1991.11995702"
}

@ARTICLE{Tamer2010-rj,
  title     = "Partial Identification in Econometrics",
  author    = "Tamer, Elie",
  journal   = "Annual Review of Economics",
  publisher = "Annual Reviews",
  year      =  2010,
  language  = "en",
  issn      = "1941-1383",
  doi       = "10.1146/annurev.economics.050708.143401"
}

@ARTICLE{Barnard1962-rz,
  title     = "On the Foundations of Statistical Inference: Discussion",
  author    = "Barnard, George",
  journal   = "Journal of the American Statistical Association",
  publisher = "[American Statistical Association, Taylor \& Francis, Ltd.]",
  volume    =  57,
  number    =  298,
  pages     = "307--326",
  year      =  1962,
  issn      = "0162-1459",
  doi       = "10.2307/2281641"
}

@ARTICLE{Bahadur1956-tg,
  title     = "The Nonexistence of Certain Statistical Procedures in
               Nonparametric Problems",
  author    = "Bahadur, R R and Savage, Leonard J",
  journal   = "The Annals of Mathematical Statistics",
  publisher = "Institute of Mathematical Statistics",
  volume    =  27,
  number    =  4,
  pages     = "1115--1122",
  year      =  1956,
  issn      = "0003-4851",
  doi       = "10.1214/aoms/1177728077"
}

@ARTICLE{Shah2018-jh,
  title         = "The Hardness of Conditional Independence Testing and the
                   Generalised Covariance Measure",
  author        = "Shah, Rajen D and Peters, Jonas",
  year          =  2018,
  url           = "http://arxiv.org/abs/1804.07203",
  archivePrefix = "arXiv",
  eprint        = "1804.07203",
  primaryClass  = "math.ST",
  arxivid       = "1804.07203"
}

@ARTICLE{Dawid2000-aw,
  title   = "The Philosophy of Statistics: Comments",
  author  = "Dawid, A P",
  journal = "Journal of the Royal Statistical Society: Series D (The
             Statistician)",
  volume  =  49,
  number  =  3,
  pages   = "293--337",
  year    =  2000,
  url     = "http://dx.doi.org/10.1111/1467-9884.00238",
  doi     = "10.1111/1467-9884.00238"
}



@ARTICLE{Funder2019-tg,
  title     = "Evaluating Effect Size in Psychological Research: Sense and
               Nonsense",
  author    = "Funder, David C and Ozer, Daniel J",
  journal   = "Advances in Methods and Practices in Psychological Science",
  publisher = "SAGE Publications Inc",
  volume    =  2,
  number    =  2,
  pages     = "156--168",
  year      =  2019,
  issn      = "2515-2459",
  doi       = "10.1177/2515245919847202"
}

@ARTICLE{Donoho1988-hg,
  title     = "{One-Sided} Inference about Functionals of a Density",
  author    = "Donoho, David L",
  journal   = "Annals of Statistics",
  publisher = "Institute of Mathematical Statistics",
  volume    =  16,
  number    =  4,
  pages     = "1390--1420",
  year      =  1988,
  doi       = "10.1214/aos/1176351045"
}


@ARTICLE{Goutis1995-ga,
  title   = "Frequentist {Post-Data} Inference",
  author  = "Goutis, Constantinos and Casella, George",
  journal = "International Statistical Review",
  volume  =  63,
  number  =  3,
  pages   = "325--344",
  year    =  1995,
  issn    = "0306-7734",
  doi     = "10.2307/1403483"
}

@INCOLLECTION{Gigerenzer2004-oc,
  title     = "The Null Ritual: What You Always Wanted to Know About Significance Testing but Were Afraid to Ask",
  booktitle = "The {Sage} Handbook of Quantitative Methodology for the Social
               Sciences",
  author    = "Gigerenzer, G and Krauss, S and Vitouch, O",
  editor    = "Kaplan, D",
  year      =  2004
}


@ARTICLE{Hoeffding1948-nm,
  title     = "A non-parametric Test of Independence",
  author    = "Hoeffding, Wassily",
  journal   = "The Annals of Mathematical Statistics",
  publisher = "Institute of Mathematical Statistics",
  volume    =  19,
  number    =  4,
  pages     = "546--557",
  year      =  1948,
  issn      = "0003-4851",
  doi       = "10.1007/978-1-4612-0865-5\_10"
}

@UNPUBLISHED{Moss2020-bc,
  title  = "There is no uniformly unbiased independence test for densities",
  author = "Moss, Jonas",
  year   =  2020,
  url    = "https://osf.io/ftx82/"
}

@ARTICLE{Blaker2000-ud,
  title     = "Paradoxes and Improvements in Interval Estimation",
  author    = "Blaker, Helge and Spj{\o}tvoll, Emil",
  journal   = "The American Statistician",
  publisher = "Taylor \& Francis",
  volume    =  54,
  number    =  4,
  pages     = "242--247",
  year      =  2000,
  issn      = "0003-1305",
  doi       = "10.1080/00031305.2000.10474555"
}


@ARTICLE{Gleser1987-ii,
  title     = "The Nonexistence of 100(1 - {$\alpha$})\% Confidence Sets of
               Finite Expected Diameter in {Errors-in-Variables} and Related
               Models",
  author    = "Gleser, Leon Jay and Hwang, Jiunn T",
  journal   = "Annals of Statistics",
  publisher = "Institute of Mathematical Statistics",
  volume    =  15,
  number    =  4,
  pages     = "1351--1362",
  year      =  1987,
  issn      = "0090-5364",
  doi       = "10.1214/aos/1176350597"
}


@ARTICLE{Gleser1996-kk,
  title     = "Bootstrap Confidence Intervals: Comment",
  author    = "Gleser, Leon Jay",
  journal   = "Statistical Science",
  publisher = "Institute of Mathematical Statistics",
  volume    =  11,
  number    =  3,
  pages     = "219--222",
  year      =  1996,
  issn      = "0883-4237",
  doi       = "10.1214/ss/1032280214"
}

@ARTICLE{Berger1987-tf,
  title     = "Testing a Point Null Hypothesis: The Irreconcilability of {P}
               Values and Evidence",
  author    = "Berger, James O and Sellke, Thomas",
  journal   = "Journal of the American Statistical Association",
  publisher = "Taylor \& Francis",
  volume    =  82,
  number    =  397,
  pages     = "112--122",
  year      =  1987,
  issn      = "0162-1459",
  doi       = "10.1080/01621459.1987.10478397"
}

@ARTICLE{Hubbard2008-cg,
  title     = "Why {P} Values Are Not a Useful Measure of Evidence in
               Statistical Significance Testing",
  author    = "Hubbard, Raymond and Lindsay, R Murray",
  journal   = "Theory \& Psychology",
  publisher = "SAGE Publications Ltd",
  volume    =  18,
  number    =  1,
  pages     = "69--88",
  year      =  2008,
  url       = "https://doi.org/10.1177/0959354307086923",
  issn      = "0959-3543",
  doi       = "10.1177/0959354307086923"
}

@ARTICLE{Gigerenzer2018-oi,
  title     = "Statistical Rituals: The Replication Delusion and How We Got
               There",
  author    = "Gigerenzer, G",
  journal   = "Advances in Methods and Practices in Psychological Science",
  publisher = "SAGE Publications Inc",
  volume    =  1,
  number    =  2,
  pages     = "198--218",
  year      =  2018,
  issn      = "2515-2459",
  doi       = "10.1177/2515245918771329"
}

@ARTICLE{Lehmann1993-oa,
  title     = "The Fisher, {Neyman-Pearson} Theories of Testing Hypotheses: One
               Theory or Two?",
  author    = "Lehmann, E L",
  journal   = "Journal of the American Statistical Association",
  publisher = "Taylor \& Francis",
  volume    =  88,
  number    =  424,
  pages     = "1242--1249",
  year      =  1993,
  issn      = "0162-1459",
  doi       = "10.1080/01621459.1993.10476404"
}

@ARTICLE{Goodman2008-ed,
  title     = "A dirty dozen: twelve p-value misconceptions",
  author    = "Goodman, Steven",
  journal   = "Seminars in Hematology",
  publisher = "Elsevier",
  volume    =  45,
  number    =  3,
  pages     = "135--140",
  year      =  2011,
  language  = "en",
  issn      = "0037-1963",
  pmid      = "18582619",
  doi       = "10.1053/j.seminhematol.2008.04.003"
}


@ARTICLE{Bayarri2000-dt,
  title     = "{P} Values for Composite Null Models",
  author    = "Bayarri, M J and Berger, James O",
  journal   = "Journal of the American Statistical Association",
  publisher = "Taylor \& Francis",
  volume    =  95,
  number    =  452,
  pages     = "1127--1142",
  year      =  2000,
  issn      = "0162-1459",
  doi       = "10.1080/01621459.2000.10474309"
}

@ARTICLE{Cohen1994-au,
  title     = "The earth is round (p<. 05)",
  author    = "Cohen, Jacob",
  journal   = "The American Psychologist",
  publisher = "American Psychological Association",
  volume    =  49,
  number    =  12,
  pages     = "997--1003",
  year      =  1994,
  issn      = "0003-066X",
  doi       = "10.1037/0003-066x.49.12.997"
}

@ARTICLE{Neyman1977-nx,
  title     = "Frequentist Probability and Frequentist Statistics",
  author    = "Neyman, J",
  journal   = "Synthese",
  publisher = "Springer",
  volume    =  36,
  number    =  1,
  pages     = "97--131",
  year      =  1977,
  url       = "http://www.jstor.org/stable/20115217",
  issn      = "0039-7857, 1573-0964"
}

@ARTICLE{Liu2020-er,
  title         = "p-Value as the Strength of Evidence Measured by Confidence
                   Distribution",
  author        = "Liu, Sifan and Liu, Regina and Xie, Min-Ge",
  month         =  jan,
  year          =  2020,
  url           = "http://arxiv.org/abs/2001.11945",
  archivePrefix = "arXiv",
  eprint        = "2001.11945",
  primaryClass  = "stat.ME",
  arxivid       = "2001.11945"
}

@BOOK{Lehmann2005-sp,
  title     = "Testing Statistical Hypotheses",
  author    = "Lehmann, Erich L and Romano, Joseph P",
  publisher = "Springer Science \& Business Media",
  year      =  2005,
  doi       = "10.1007/0-387-27605-x"
}

@ARTICLE{Gigerenzer2007-qi,
  title    = "Helping Doctors and Patients Make Sense of Health Statistics",
  author   = "Gigerenzer, G and Gaissmaier, W and Kurz-Milcke, E
              and Schwartz, L M and Woloshin, S",
  journal  = "Psychological Science in the Public Interest",
  volume   =  8,
  number   =  2,
  pages    = "53--96",
  year     =  2007,
  language = "en",
  issn     = "1529-1006",
  pmid     = "26161749",
  doi      = "10.1111/j.1539-6053.2008.00033.x"
}

@ARTICLE{Belia2005-di,
  title     = "Researchers misunderstand confidence intervals and standard
               error bars",
  author    = "Belia, Sarah and Fidler, Fiona and Williams, Jennifer and
               Cumming, Geoff",
  journal   = "Psychological methods",
  publisher = "psycnet.apa.org",
  volume    =  10,
  number    =  4,
  pages     = "389--396",
  year      =  2005,
  language  = "en",
  issn      = "1082-989X",
  pmid      = "16392994",
  doi       = "10.1037/1082-989X.10.4.389"
}


@ARTICLE{Schweder1988-nh,
  title     = "A Significance Version of the Basic {Neyman-Pearson} Theory for
               Scientific Hypothesis Testing",
  author    = "Schweder, Tore",
  journal   = "Scandinavian Journal of Statistics",
  publisher = "[Board of the Foundation of the Scandinavian Journal of
               Statistics, Wiley]",
  volume    =  15,
  number    =  4,
  pages     = "225--242",
  year      =  1988,
  issn      = "0303-6898, 1467-9469"
}


@ARTICLE{Berkson1942-hj,
  title     = "Tests of Significance Considered as Evidence",
  author    = "Berkson, Joseph",
  journal   = "Journal of the American Statistical Association",
  publisher = "Taylor \& Francis",
  volume    =  37,
  number    =  219,
  pages     = "325--335",
  year      =  1942,
  issn      = "0162-1459",
  doi       = "10.1080/01621459.1942.10501760"
}

@ARTICLE{Efron2010-is,
  title    = "The Future of Indirect Evidence",
  author   = "Efron, Bradley",
  journal  = "Statistical Science",
  volume   =  25,
  number   =  2,
  pages    = "145--157",
  year     =  2010,
  language = "en",
  issn     = "0883-4237",
  pmid     = "21243111",
  doi      = "10.1214/09-STS308",
  pmc      = "PMC3019763"
}


@BOOK{Basu2011-gs,
  title     = "Statistical Inference: The Minimum Distance Approach",
  author    = "Basu, Ayanendranath and Shioya, Hiroyuki and Park, Chanseok",
  publisher = "CRC press",
  year      =  2011
}

@ARTICLE{Kullback1951-kv,
  title     = "On Information and Sufficiency",
  author    = "Kullback, S and Leibler, R A",
  journal   = "The Annals of Mathematical Statistics",
  publisher = "Institute of Mathematical Statistics",
  volume    =  22,
  number    =  1,
  pages     = "79--86",
  year      =  1951,
  issn      = "0003-4851",
  doi       = "10.1214/aoms/1177729694"
}

@ARTICLE{Drossos1980-ar,
  title     = "A note on minimum distance estimates",
  author    = "Drossos, Constantine A and Philippou, Andreas N",
  journal   = "Annals of the Institute of Statistical Mathematics",
  publisher = "Springer",
  volume    =  32,
  number    =  1,
  pages     = "121--123",
  year      =  1980,
  issn      = "0020-3157",
  doi       = "10.1007/BF02480318"
}

@ARTICLE{Manski1975-gl,
  title     = "Maximum score estimation of the stochastic utility model of
               choice",
  author    = "Manski, Charles F",
  journal   = "Journal of Econometrics",
  publisher = "Elsevier",
  volume    =  3,
  number    =  3,
  pages     = "205--228",
  year      =  1975,
  issn      = "0304-4076",
  doi       = "10.1016/0304-4076(75)90032-9"
}

@ARTICLE{Birge2006-nl,
  title     = "How many bins should be put in a regular histogram",
  author    = "Birg{\'e}, Lucien and Rozenholc, Yves",
  journal   = "ESAIM: Probability and Statistics",
  publisher = "EDP Sciences",
  volume    =  10,
  pages     = "24--45",
  year      =  2006,
  doi       = "10.1051/ps:2006001"
}

@ARTICLE{Robins1997-uv,
  title     = "Toward a curse of dimensionality appropriate ({CODA}) asymptotic
               theory for semi-parametric models",
  author    = "Robins, James M and Ritov, Ya'acov",
  journal   = "Statistics in Medicine",
  publisher = "Wiley Online Library",
  volume    =  16,
  number    =  3,
  pages     = "285--319",
  year      =  1997,
  issn      = "0277-6715",
  doi       = "10.1002/(SICI)1097-0258(19970215)16:3<285::AID-SIM535>3.0.CO;2-\#"
}

@UNPUBLISHED{Sims2012-ze,
  title    = "On an Example of {Larry} {Wasserman}",
  author   = "Sims, Christopher A",
  year     =  2012,
  url      = "http://citeseerx.ist.psu.edu/viewdoc/summary?doi=10.1.1.212.2131"
}

@ARTICLE{Lijoi2004-ew,
  title     = "Extending Doob's consistency theorem to nonparametric densities",
  author    = "Lijoi, Antonio and Pr{\"u}nster, Igor and Walker, Stephen G",
  journal   = "Bernoulli",
  publisher = "Bernoulli Society for Mathematical Statistics and Probability",
  volume    =  10,
  number    =  4,
  pages     = "651--663",
  year      =  2004,
  issn      = "1350-7265",
  doi       = "10.3150/bj/1093265634"
}

@ARTICLE{Miller2018-xq,
  title         = "A detailed treatment of Doob's theorem",
  author        = "Miller, Jeffrey W",
  month         =  jan,
  year          =  2018,
  url           = "http://arxiv.org/abs/1801.03122",
  archivePrefix = "arXiv",
  eprint        = "1801.03122",
  primaryClass  = "math.ST",
  arxivid       = "1801.03122"
}

@MISC{Robins2012-fr,
  title        = "{Robins} and {Wasserman} Respond to a {Nobel} {Prize} Winner",
  booktitle    = "Normal Deviate",
  author       = "Robins, J and Wasserman, L",
  month        =  aug,
  year         =  2012,
  url          = "https://normaldeviate.wordpress.com/2012/08/28/robins-and-wasserman-respond-to-a-nobel-prize-winner/",
  note         = "Accessed: 2020-5-1"
}

@BOOK{Muller2015-xn,
  title     = "{Bayesian} Nonparametric Data Analysis",
  author    = "M{\"u}ller, Peter and Quintana, Fernando Andres and Jara,
               Alejandro and Hanson, Tim",
  publisher = "Springer, Cham",
  year      =  2015,
  isbn      = "9783319189673",
  doi       = "10.1007/978-3-319-18968-0"
}

@MASTERSTHESIS{Moss2015-ku,
  title  = "Cube Root Asymptotics: Maximal Scores and Irregular Histograms",
  author = "Moss, Jonas",
  year   =  2015
}

@ARTICLE{Cox1972-xd,
  title     = "Regression models and life-tables",
  author    = "Cox, David R",
  journal   = "Journal of the Royal Statistical Society: Series B (Statistical Methodology)",
  publisher = "Wiley Online Library",
  volume    =  34,
  number    =  2,
  pages     = "187--202",
  year      =  1972,
  doi       = "10.1111/j.2517-6161.1972.tb00899.x",
  issn      = "1369-7412"
}


@BOOK{Silverman1986-nt,
  title     = "Density Estimation for Statistics and Data Analysis",
  author    = "Silverman, Bernard W",
  publisher = "CRC press",
  volume    =  26,
  year      =  1986
}

@ARTICLE{Robert1996-ii,
  title     = "Intrinsic losses",
  author    = "Robert, Christian",
  journal   = "Theory and Decision",
  publisher = "Springer",
  volume    =  40,
  number    =  2,
  pages     = "191--214",
  year      =  1996,
  issn      = "0040-5833",
  doi       = "10.1007/BF00133173"
}

@INCOLLECTION{Varian1975-cd,
  title     = "A {Bayesian} approach to real estate assessment",
  booktitle = "Studies in {Bayesian} Econometric and Statistics in Honor of
               {Leonard} {J}. {Savage}",
  author    = "Varian, Hal R",
  editor    = "Stephen E. Fienberg, Arnold Zellner",
  publisher = "North Holland",
  pages     = "195--208",
  year      =  1975
}

@ARTICLE{Huber1964-fm,
  title     = "Robust Estimation of a Location Parameter",
  author    = "Huber, Peter J",
  journal   = "Annals of Mathematical Statistics",
  publisher = "Institute of Mathematical Statistics",
  volume    =  35,
  number    =  1,
  pages     = "73--101",
  year      =  1964,
  language  = "en",
  issn      = "0003-4851, 2168-8990",
  doi       = "10.1214/aoms/1177703732"
}


@ARTICLE{Brockwell2003-pd,
  title     = "A Gridding Method for {Bayesian} Sequential Decision Problems",
  author    = "Brockwell, Anthony E and Kadane, Joseph B",
  journal   = "Journal of computational and graphical statistics: a joint
               publication of American Statistical Association, Institute of
               Mathematical Statistics, Interface Foundation of North America",
  publisher = "Taylor \& Francis",
  volume    =  12,
  number    =  3,
  pages     = "566--584",
  year      =  2003,
  url       = "https://doi.org/10.1198/1061860032274",
  issn      = "1061-8600",
  doi       = "10.1198/1061860032274"
}

@BOOK{Bernardo2009-wv,
  title     = "{Bayesian} Theory",
  author    = "Bernardo, Jos{\'e} M and Smith, Adrian F M",
  publisher = "John Wiley \& Sons",
  year      =  2009
}

@BOOK{Berger1988-ji,
  title     = "The Likelihood Principle",
  author    = "Berger, James O and Wolpert, Robert L",
  publisher = "Institute of Mathematical Statistics",
  year      =  1988
}

@BOOK{Jaynes2003-ky,
  title     = "Probability Theory: The Logic of Science",
  author    = "Jaynes, Edwin T",
  publisher = "Cambridge university press",
  year      =  2003
}


@ARTICLE{Stankovic1985-th,
  title     = "An Application of {Bayesian} Decision Theory to Decentralized
               Control of Job Scheduling",
  author    = "Stankovic, John",
  journal   = "IEEE Transactions on Computers",
  publisher = "ieeexplore.ieee.org",
  volume    = "C-34",
  number    =  2,
  pages     = "117--130",
  year      =  1985,
  issn      = "0018-9340, 1557-9956",
  doi       = "10.1109/TC.1985.1676548"
}

@ARTICLE{Bunke1998-vg,
  title     = "Asymptotic behavior of Bayes estimates under possibly incorrect
               models",
  author    = "Bunke, Olaf and Milhaud, Xavier",
  journal   = "Annals of Statistics",
  publisher = "Institute of Mathematical Statistics",
  volume    =  26,
  number    =  2,
  pages     = "617--644",
  year      =  1998,
  issn      = "0090-5364, 2168-8966",
  doi       = "10.1214/aos/1028144851"
}

@ARTICLE{Cronbach1951-in,
  title     = "Coefficient alpha and the internal structure of tests",
  author    = "Cronbach, Lee J",
  journal   = "Psychometrika",
  publisher = "Springer-Verlag",
  volume    =  16,
  number    =  3,
  pages     = "297--334",
  year      =  1951,
  language  = "en",
  issn      = "0033-3123, 1860-0980",
  doi       = "10.1007/BF02310555"
}

@ARTICLE{Bem2011-vq,
  title    = "Feeling the Future: Experimental Evidence for Anomalous
              Retroactive Influences On Cognition and Affect",
  author   = "Bem, Daryl J",
  journal  = "Journal of Personality and Social Psychology",
  volume   =  100,
  number   =  3,
  pages    = "407--425",
  year     =  2011,
  language = "en",
  issn     = "0022-3514, 1939-1315",
  pmid     = "21280961",
  doi      = "10.1037/a0021524"
}

@BOOK{Mulaik2009-gc,
  title     = "Linear Causal Modeling with Structural Equations",
  author    = "Mulaik, Stanley A",
  publisher = "CRC Press",
  year      =  2009
}


@BOOK{Robert2007-ri,
  title     = "The {Bayesian} Choice: From Decision-theoretic Foundations to
               Computational Implementation",
  author    = "Robert, Christian",
  publisher = "Springer Science \& Business Media",
  year      =  2007
}

@ARTICLE{Kleijn2006-lh,
  title     = "Misspecification in infinite-dimensional {Bayesian} statistics",
  author    = "Kleijn, B J K and van der Vaart, A W",
  journal   = "Annals of Statistics",
  publisher = "Institute of Mathematical Statistics",
  volume    =  34,
  number    =  2,
  pages     = "837--877",
  year      =  2006,
  language  = "en",
  issn      = "0090-5364, 2168-8966",
  doi       = "10.1214/009053606000000029"
}

@BOOK{Van_der_Vaart2000-qc,
  title     = "Asymptotic Statistics",
  author    = "van der Vaart, A W",
  publisher = "Cambridge University Press",
  year      =  2000,
  language  = "en",
  isbn      = "9780521784504"
}

@ARTICLE{Van_t_Veer2016-fo,
  title     = "Pre-registration in social psychology---A discussion and
               suggested template",
  author    = "van 't Veer, Anna Elisabeth and Giner-Sorolla, Roger",
  journal   = "Journal of Experimental Social Psychology",
  publisher = "Elsevier",
  volume    =  67,
  pages     = "2--12",
  year      =  2016,
  issn      = "0022-1031",
  doi       = "10.1016/j.jesp.2016.03.004"
}

@BOOK{Claeskens2008-hk,
  title     = "Model Selection and Model Averaging",
  author    = "Claeskens, Gerda and Hjort, Nils Lid",
  publisher = "Cambridge University Press",
  year      =  2008
}

@ARTICLE{Scheel2020-sq,
  title     = "An excess of positive results: Comparing the standard Psychology
               literature with Registered Reports",
  author    = "Scheel, Anne M and Schijen, Mitchell and Lakens, Dani{\"e}l",
  publisher = "PsyArXiv",
  year      =  2020,
  doi      =  "10.31234/osf.io/p6e9c"
}

@ARTICLE{Cooper2009-ge,
  title     = "The relative benefits of meta-analysis conducted with individual
               participant data versus aggregated data",
  author    = "Cooper, Harris and Patall, Erika A",
  journal   = "Psychological Methods",
  publisher = "psycnet.apa.org",
  volume    =  14,
  number    =  2,
  pages     = "165--176",
  year      =  2009,
  language  = "en",
  issn      = "1082-989X",
  pmid      = "19485627",
  doi       = "10.1037/a0015565"
}

@ARTICLE{Sedlmeier1989-zz,
  title     = "Do Studies of Statistical Power Have an Effect on the Power of
               Studies?",
  author    = "Sedlmeier, P and Gigerenzer, G",
  journal   = "Psychological Bulletin",
  volume    =  105,
  number    =  2,
  pages     = "309--316",
  year      =  1989,
  issn      = "0033-2909",
  doi       = "10.1037/10109-032"
}


@ARTICLE{Kerr1998-by,
  title     = "{HARKing}: Hypothesizing after the results are known",
  author    = "Kerr, N L",
  journal   = "Personality and Social Psychology Review",
  publisher = "journals.sagepub.com",
  volume    =  2,
  number    =  3,
  pages     = "196--217",
  year      =  1998,
  language  = "en",
  issn      = "1088-8683, 1532-7957",
  pmid      = "15647155",
  doi       = "10.1207/s15327957pspr0203\_4"
}

@ARTICLE{Nosek2018-cn,
  title     = "The preregistration revolution",
  author    = "Nosek, Brian A and Ebersole, Charles R and DeHaven, Alexander C
               and Mellor, David T",
  journal   = "Proceedings of the National Academy of Sciences of the United
               States of America",
  publisher = "National Acad Sciences",
  volume    =  115,
  number    =  11,
  pages     = "2600--2606",
  year      =  2018,
  language  = "en",
  issn      = "0027-8424, 1091-6490",
  pmid      = "29531091",
  doi       = "10.1073/pnas.1708274114",
  pmc       = "PMC5856500"
}

@MISC{McCook2018-zl,
  title        = "Two Researchers Challenged a Scientific Study About Violent
                  Video Games---and Took a Hit for Being Right",
  booktitle    = "Vice",
  author       = "McCook, Alison and Watch, Retraction",
  month        =  jul,
  year         =  2018,
  url          = "https://www.vice.com/en_us/article/8xb89b/two-researchers-challenged-a-scientific-study-about-violent-video-gamesand-took-a-hit-for-being-right",
  howpublished = "\url{https://www.vice.com/en_us/article/8xb89b/two-researchers-challenged-a-scientific-study-about-violent-video-gamesand-took-a-hit-for-being-right}",
  note         = "Accessed: 2020-6-6"
}

@ARTICLE{McCullough2003-zd,
  title     = "Verifying the Solution from a Nonlinear Solver: A Case Study",
  author    = "McCullough, B D and Vinod, H D",
  journal   = "The American Economic Review",
  publisher = "American Economic Association",
  volume    =  93,
  number    =  3,
  pages     = "873--892",
  year      =  2003,
  issn      = "0002-8282",
  doi       = "10.1257/000282804322970896"
}

@ARTICLE{Morey2016-ry,
  title   = "The Fallacy of Placing Confidence in Confidence Intervals",
  author  = "Morey, Richard D and Hoekstra, Rink and Rouder, Jeffrey N and Lee,
             Michael D and Wagenmakers, Eric-Jan",
  journal = "Psychonomic Bulletin \& Review",
  volume  =  23,
  number  =  1,
  pages   = "103--123",
  year    =  2016,
  doi     = "10.3758/s13423-015-0947-8"
}

@ARTICLE{Lindley2000-su,
  title   = "The Philosophy of Statistics",
  author  = "Lindley, Dennis V",
  journal = "Journal of the Royal Statistical Society: Series D (The
             Statistician)",
  volume  =  49,
  number  =  3,
  pages   = "293--337",
  year    =  2000,
  doi     = "10.1111/1467-9884.00238"
}

@ARTICLE{Gelman2013-ib,
  title     = "Philosophy and the practice of {Bayesian} statistics",
  author    = "Gelman, Andrew and Shalizi, Cosma Rohilla",
  journal   = "The British Journal of Mathematical and Statistical Psychology",
  publisher = "Wiley Online Library",
  volume    =  66,
  number    =  1,
  pages     = "8--38",
  year      =  2013,
  url       = "http://dx.doi.org/10.1111/j.2044-8317.2011.02037.x",
  language  = "en",
  issn      = "0007-1102, 2044-8317",
  pmid      = "22364575",
  doi       = "10.1111/j.2044-8317.2011.02037.x",
  pmc       = "PMC4476974"
}

@ARTICLE{Wicherts2011-eb,
  title    = "Willingness to share research data is related to the strength of
              the evidence and the quality of reporting of statistical results",
  author   = "Wicherts, Jelte M and Bakker, Marjan and Molenaar, Dylan",
  journal  = "PLOS One",
  volume   =  6,
  number   =  11,
  pages    = "e26828",
  year     =  2011,
  url      = "http://dx.doi.org/10.1371/journal.pone.0026828",
  language = "en",
  issn     = "1932-6203",
  pmid     = "22073203",
  doi      = "10.1371/journal.pone.0026828",
  pmc      = "PMC3206853"
}

@ARTICLE{Wicherts2006-yy,
  title    = "The poor availability of psychological research data for
              reanalysis",
  author   = "Wicherts, Jelte M and Borsboom, Denny and Kats, Judith and
              Molenaar, Dylan",
  journal  = "The American Psychologist",
  volume   =  61,
  number   =  7,
  pages    = "726--728",
  year     =  2006,
  url      = "http://dx.doi.org/10.1037/0003-066X.61.7.726",
  language = "en",
  issn     = "0003-066X",
  pmid     = "17032082",
  doi      = "10.1037/0003-066X.61.7.726"
}

@ARTICLE{Wicherts2012-cp,
  title     = "Publish (your data) or (let the data) perish! Why not publish
               your data too?",
  author    = "Wicherts, Jelte M and Bakker, Marjan",
  journal   = "Intelligence",
  publisher = "Elsevier",
  volume    =  40,
  number    =  2,
  pages     = "73--76",
  year      =  2012,
  url       = "http://www.sciencedirect.com/science/article/pii/S0160289612000050",
  issn      = "0160-2896",
  doi       = "10.1016/j.intell.2012.01.004"
}


@BOOK{Wickham2015-ik,
  title     = "{R} packages: Organize, test, document, and share your code",
  author    = "Wickham, Hadley",
  publisher = "O'Reilly Media",
  year      =  2015,
  url       = "http://r-pkgs.had.co.nz/"
}

@ARTICLE{Simonsohn2013-ul,
  title     = "Just post it: the lesson from two cases of fabricated data
               detected by statistics alone",
  author    = "Simonsohn, Uri",
  journal   = "Psychological Science",
  publisher = "journals.sagepub.com",
  volume    =  24,
  number    =  10,
  pages     = "1875--1888",
  year      =  2013,
  url       = "http://dx.doi.org/10.1177/0956797613480366",
  language  = "en",
  issn      = "0956-7976, 1467-9280",
  pmid      = "23982243",
  doi       = "10.1177/0956797613480366"
}


@INCOLLECTION{American_Psychological_Association2001-rs,
  title     = "Ethical standards for the reporting and publishing of scientific
               information",
  booktitle = "Publication Manual of the American Psychological Association",
  editor    = "{American Psychological Association}",
  pages     = "387--396",
  year      =  2001
}

@ARTICLE{Wicherts2011-jm,
  title     = "Psychology must learn a lesson from fraud case",
  author    = "Wicherts, Jelte M",
  journal   = "Nature",
  publisher = "nature.com",
  volume    =  480,
  number    =  7375,
  pages     = "7",
  year      =  2011,
  url       = "http://dx.doi.org/10.1038/480007a",
  language  = "en",
  issn      = "0028-0836, 1476-4687",
  pmid      = "22129686",
  doi       = "10.1038/480007a"
}

@ARTICLE{Nelson2018-ov,
  title    = "Psychology's Renaissance",
  author   = "Nelson, Leif D and Simmons, Joseph and Simonsohn, Uri",
  journal  = "Annual Review of Psychology",
  volume   =  69,
  pages    = "511--534",
  year     =  2018,
  language = "en",
  issn     = "0066-4308, 1545-2085",
  pmid     = "29068778",
  doi      = "10.1146/annurev-psych-122216-011836"
}

@ARTICLE{Nosek2015-hh,
  title     = "Promoting an open research culture",
  author    = "Nosek, B A and Alter, G and Banks, G C and Borsboom, D and
               Bowman, S D and Breckler, S J and Buck, S and Chambers, C D and
               Chin, G and Christensen, G and Contestabile, M and Dafoe, A and
               Eich, E and Freese, J and Glennerster, R and Goroff, D and
               Green, D P and Hesse, B and Humphreys, M and Ishiyama, J and
               Karlan, D and Kraut, A and Lupia, A and Mabry, P and Madon, T
               and Malhotra, N and Mayo-Wilson, E and McNutt, M and Miguel, E
               and Levy Paluck, E and Simonsohn, U and Soderberg, C and
               Spellman, B A and Turitto, J and VandenBos, G and Vazire, S and
               Wagenmakers, E J and Wilson, R and Yarkoni, T",
  journal   = "Science",
  publisher = "American Association for the Advancement of Science",
  volume    =  348,
  number    =  6242,
  pages     = "1422--1425",
  year      =  2015,
  language  = "en",
  issn      = "0036-8075, 1095-9203",
  pmid      = "26113702",
  doi       = "10.1126/science.aab2374"
}

@ARTICLE{Nuijten2016-eu,
  title     = "The Prevalence of Statistical Reporting Errors in Psychology
               (1985--2013)",
  author    = "Nuijten, M B and Hartgerink, C H J and van Assen, Malm",
  journal   = "Behavior Research Methods",
  publisher = "Springer",
  year      =  2016,
  issn      = "1554-351X",
  doi       = "10.3758/s13428-015-0664-2"
}

@ARTICLE{Miyakawa2020-ze,
  title     = "No raw data, no science: another possible source of the
               reproducibility crisis",
  author    = "Miyakawa, Tsuyoshi",
  journal   = "Molecular Brain",
  publisher = "molecularbrain.biomedcentral.com",
  volume    =  13,
  number    =  1,
  pages     = "24",
  year      =  2020,
  language  = "en",
  issn      = "1756-6606",
  pmid      = "32079532",
  doi       = "10.1186/s13041-020-0552-2",
  pmc       = "PMC7033918"
}

@ARTICLE{John2012-xp,
  title    = "Measuring the prevalence of questionable research practices with
              incentives for truth telling",
  author   = "John, Leslie K and Loewenstein, George and Prelec, Drazen",
  journal  = "Psychological Science",
  volume   =  23,
  number   =  5,
  pages    = "524--532",
  year     =  2012,
  language = "en",
  issn     = "0956-7976, 1467-9280",
  pmid     = "22508865",
  doi      = "10.1177/0956797611430953"
}

@ARTICLE{Arslan2019-tg,
  title     = "How to Automatically Document Data With the codebook Package to
               Facilitate Data Reuse",
  author    = "Arslan, Ruben C",
  journal   = "Advances in Methods and Practices in Psychological Science",
  publisher = "SAGE Publications Inc",
  volume    =  2,
  number    =  2,
  pages     = "169--187",
  year      =  2019,
  issn      = "2515-2459",
  doi       = "10.1177/2515245919838783"
}



@UNPUBLISHED{Van_Lissa2020-sb,
  title  = "{WORCS}: A Workflow for Open Reproducible Code in Science",
  author = "van Lissa, Caspar J and Brandmaier, Andreas M and Brinkman, Loek
            and Lamprecht, Anna-Lena and Peikert, Aaron and Struiksma, Marijn
            and Vreede, Barbara",
  year   =  2020,
  doi    = "10.31234/osf.io/k4wde"
}

@ARTICLE{Mellenbergh1994-iy,
  title     = "Generalized linear item response theory",
  author    = "Mellenbergh, Gideon J",
  journal   = "Psychological Bulletin",
  publisher = "American Psychological Association",
  volume    =  115,
  number    =  2,
  pages     = "300",
  year      =  1994,
  issn      = "0033-2909",
  doi       = "10.1037/0033-2909.115.2.300"
}

@BOOK{Borsboom2005-iq,
  title     = "Measuring the mind: Conceptual issues in contemporary
               psychometrics",
  author    = "Borsboom, Denny",
  publisher = "Cambridge University Press",
  year      =  2005
}

@INCOLLECTION{Swaminathan2016-rg,
  title     = "Normal-ogive Multidimensional Model",
  booktitle = "Handbook of Modern Item Response Theory",
  author    = "McDonald, Roderick P",
  editor    = "van der Linden, Wim J and Hambleton, Ronald K",
  publisher = "Springer",
  pages     = "257--269",
  year      =  1997,
  isbn      = "9781475726916",
  doi       = "10.1007/978-1-4757-2691-6_15"
}


@ARTICLE{Olsson1979-ti,
  title     = "Maximum likelihood estimation of the polychoric correlation
               coefficient",
  author    = "Olsson, Ulf",
  journal   = "Psychometrika",
  publisher = "Springer",
  volume    =  44,
  number    =  4,
  pages     = "443--460",
  year      =  1979,
  issn      = "0033-3123, 1860-0980",
  doi       = "10.1007/BF02296207"
}


@BOOK{Nelsen2007-qj,
  title     = "An Introduction to Copulas",
  author    = "Nelsen, Roger B",
  publisher = "Springer Science \& Business Media",
  year      =  2007
}


@MISC{noauthor_undated-pk,
  title        = "Google's {R} Style Guide",
  url          = "https://google.github.io/styleguide/Rguide.html",
  howpublished = "\url{https://google.github.io/styleguide/Rguide.html}",
  note         = "Accessed: 2020-8-10"
}

@MISC{Wickham_undated-sw,
  title        = "The tidyverse style guide",
  author       = "Wickham, Hadley",
  url          = "https://style.tidyverse.org/",
  howpublished = "\url{https://style.tidyverse.org/}",
  note         = "Accessed: 2020-8-10"
}

@ARTICLE{Foldnes2019-ew,
  title    = "On Identification and Non-normal Simulation in Ordinal Covariance
              and Item Response Models",
  author   = "Foldnes, Nj{\aa}l and Gr{\o}nneberg, Steffen",
  journal  = "Psychometrika",
  volume   =  84,
  number   =  4,
  pages    = "1000--1017",
  year     =  2019,
  language = "en",
  issn     = "0033-3123, 1860-0980",
  pmid     = "31562591",
  doi      = "10.1007/s11336-019-09688-z"
}

@ARTICLE{Foldnes2020-ma,
  title     = "Pernicious polychorics: The impact and detection of underlying
               non-normality",
  author    = "Foldnes, N and Gr{\o}nneberg, S",
  journal   = "Structural equation modeling: a multidisciplinary journal",
  publisher = "Taylor \& Francis",
  year      =  2020,
  issn      = "1070-5511"
}

@ARTICLE{Zumbo2007-ap,
  title     = "Ordinal Versions of Coefficients Alpha and Theta for {Likert}
               Rating Scales",
  author    = "Zumbo, Bruno D and Gadermann, Anne M and Zeisser, Cornelia",
  journal   = "Journal of Modern Applied Statistical Methods",
  volume    =  6,
  number    =  1,
  pages     = "21--29",
  year      =  2007,
  issn      = "1538-9472",
  doi       = "10.22237/jmasm/1177992180"
}

@ARTICLE{Takane1987-pq,
  title     = "On the relationship between item response theory and factor
               analysis of discretized variables",
  author    = "Takane, Y and De Leeuw, J",
  journal   = "Psychometrika",
  publisher = "Springer",
  year      =  1987,
  issn      = "0033-3123",
  doi       = "10.1007/BF02294363"
}

@ARTICLE{Yang2015-pa,
  title     = "On approximating {Mills} ratio",
  author    = "Yang, Zhen-Hang and Chu, Yu-Ming",
  journal   = "Journal of Inequalities and Applications",
  publisher = "Springer",
  volume    =  2015,
  number    =  1,
  pages     = "273",
  year      =  2015,
  issn      = "1025-5834, 1029-242X",
  doi       = "10.1186/s13660-015-0792-3"
}

@ARTICLE{Gasull2014-hn,
  title     = "Approximating {Mills} ratio",
  author    = "Gasull, Armengol and Utzet, Frederic",
  journal   = "Journal of Mathematical Analysis and Applications",
  publisher = "Elsevier",
  volume    =  420,
  number    =  2,
  pages     = "1832--1853",
  year      =  2014,
  issn      = "0022-247X",
  doi       = "10.1016/j.jmaa.2014.05.034"
}

@article{gentile_what_2015,
  title     = "What is a good skeptic to do? The case for skepticism in the
               media violence discussion",
  author    = "Gentile, Douglas A",
  journal   = "Perspectives on Psychological Science",
  publisher = "Sage Publications Sage CA: Los Angeles, CA",
  volume    =  10,
  number    =  5,
  pages     = "674--676",
  year      =  2015,
  issn      = "1745-6916",
  doi       = "10.1177/1745691615592238"
}

@article{kanamori_angry_2016,
  title     = "Angry Birds, Angry Children, and Angry Meta-Analysts: A
               Reanalysis",
  author    = "Furuya-Kanamori, Luis and Doi, Suhail A R",
  journal   = "Perspectives on Psychological Science",
  publisher = "journals.sagepub.com",
  volume    =  11,
  number    =  3,
  pages     = "408--414",
  year      =  2016,
  language  = "en",
  issn      = "1745-6916, 1745-6924",
  pmid      = "27217253",
  doi       = "10.1177/1745691616635599"
}

@article{viechtbauer_conducting_2010,
  title     = "Conducting meta-analyses in {R} with the metafor package",
  author    = "Viechtbauer, Wolfgang",
  journal   = "Journal of Statistical Software",
  publisher = "UCLA Statistics",
  volume    =  36,
  number    =  3,
  pages     = "1--48",
  year      =  2010,
  doi       = "10.18637/jss.v036.i03"
}

@article{gentile_effects_2009,
  title     = "The effects of prosocial video games on prosocial behaviors:
               international evidence from correlational, longitudinal, and
               experimental studies",
  author    = "Gentile, Douglas A and Anderson, Craig A and Yukawa, Shintaro
               and Ihori, Nobuko and Saleem, Muniba and Ming, Lim Kam and
               Shibuya, Akiko and Liau, Albert K and Khoo, Angeline and
               Bushman, Brad J and Rowell Huesmann, L and Sakamoto, Akira",
  journal   = "Personality \& Social Psychology Bulletin",
  publisher = "journals.sagepub.com",
  volume    =  35,
  number    =  6,
  pages     = "752--763",
  year      =  2009,
  language  = "en",
  issn      = "0146-1672",
  pmid      = "19321812",
  doi       = "10.1177/0146167209333045",
  pmc       = "PMC2678173"
}

@article{rosenthal_file_1979,
  title     = "The file drawer problem and tolerance for null results",
  author    = "Rosenthal, Robert",
  journal   = "Psychological Bulletin",
  publisher = "psycnet.apa.org",
  volume    =  86,
  number    =  3,
  pages     = "638--641",
  year      =  1979,
  issn      = "0033-2909, 1939-1455",
  doi       = "10.1037/0033-2909.86.3.638"
}

@ARTICLE{van_der_zee_statistical_2017,
  title     = "Statistical heartburn: an attempt to digest four pizza
               publications from the Cornell Food and Brand Lab",
  author    = "van der Zee, Tim and Anaya, Jordan and Brown, Nicholas J L",
  journal   = "BMC Nutrition",
  publisher = "Springer",
  volume    =  3,
  pages     = "54",
  year      =  2017,
  language  = "en",
  issn      = "2055-0928",
  pmid      = "32153834",
  doi       = "10.1186/s40795-017-0167-x",
  pmc       = "PMC7050813"
}
@Manual{xtable,
  title = {xtable: Export Tables to LaTeX or HTML},
  author = {David B. Dahl and David Scott and Charles Roosen and Arni Magnusson and Jonathan Swinton},
  year = {2019},
  note = {R package version 1.8-4},
  url = {https://CRAN.R-project.org/package=xtable},
}

@Manual{huxtable,
  title = {huxtable: Easily Create and Style Tables for LaTeX, HTML and Other Formats},
  author = {David Hugh-Jones},
  year = {2020},
  note = {R package version 5.0.0},
  url = {https://CRAN.R-project.org/package=huxtable},
}

@Manual{renv,
  title = {renv: Project Environments},
  author = {Kevin Ushey},
  year = {2020},
  note = {R package version 0.11.0},
  url = {https://CRAN.R-project.org/package=renv},
}

@Manual{papaja,
  author = {Frederik Aust and Marius Barth},
  title = {{papaja}: {Create} {APA} manuscripts with {R Markdown}},
  year = {2020},
  note = {R package version 0.1.0.9942},
  url = {https://github.com/crsh/papaja},
}


@INBOOK{Pettigrew2019-rk,
  title     = "Epistemic Utility Arguments for Probabilism",
  booktitle = "The Stanford Encyclopedia of Philosophy",
  author    = "Pettigrew, Richard",
  editor    = "Zalta, Edward N",
  publisher = "Metaphysics Research Lab, Stanford University",
  edition   = "Winter 2019",
  year      =  2019,
  url       = "https://plato.stanford.edu/archives/win2019/entries/epistemic-utility/"
}


@BOOK{Van_der_Vaart1996-dx,
  title     = "Weak Convergence and Empirical Processes",
  author    = "van der Vaart, Aad W and Wellner, Jon A",
  publisher = "Springer New York",
  year      =  1996,
  address   = "New York, NY",
  isbn      = "9781475725452",
  doi       = "10.1007/978-1-4757-2545-2\_3"
}

@BOOK{Kechris2012-nh,
  title     = "Classical Descriptive Set Theory",
  author    = "Kechris, Alexander",
  publisher = "Springer Science \& Business Media",
  volume    =  156,
  year      =  2012
}

@Manual{packrat,
  title = {packrat: A Dependency Management System for Projects and their R Package
    Dependencies},
  author = {Kevin Ushey and Jonathan McPherson and Joe Cheng and Aron Atkins and JJ Allaire},
  year = {2018},
  note = {R package version 0.5.0},
  url = {https://CRAN.R-project.org/package=packrat},
}

@Book{Xie2018,
    title = {R Markdown: The Definitive Guide},
    author = {Yihui Xie and J.J. Allaire and Garrett Grolemund},
    publisher = {Chapman and Hall/CRC},
    address = {Boca Raton, Florida},
    year = {2018},
    note = {ISBN 9781138359338},
    url = {https://bookdown.org/yihui/rmarkdown},
}

@InCollection{Xie2014,
    booktitle = {Implementing Reproducible Computational Research},
    editor = {Victoria Stodden and Friedrich Leisch and Roger D. Peng},
    title = {knitr: A Comprehensive Tool for Reproducible Research in {R}},
    author = {Yihui Xie},
    publisher = {Chapman and Hall/CRC},
    year = {2014},
    note = {ISBN 978-1466561595},
}

@Manual{roxygen2,
    title = {roxygen2: In-Line Documentation for R},
    author = {Hadley Wickham and Peter Danenberg and Gábor Csárdi and Manuel Eugster},
    year = {2020},
    note = {R package version 7.1.0},
    url = {https://CRAN.R-project.org/package=roxygen2},
}
  
@Manual{devtools,
    title = {devtools: Tools to Make Developing R Packages Easier},
    author = {Hadley Wickham and Jim Hester and Winston Chang},
    year = {2020},
    note = {R package version 2.3.0},
    url = {https://CRAN.R-project.org/package=devtools},
}

@ARTICLE{Goldberg1992-hp,
  title     = "The development of markers for the {Big-Five} factor structure",
  author    = "Goldberg, L R",
  journal   = "Psychological Assessment",
  publisher = "psycnet.apa.org",
  year      =  1992,
  issn      = "1040-3590",
  doi       = "10.1037/1040-3590.4.1.26"
}


@ARTICLE{Hedges1992-ue,
  title     = "Modeling Publication Selection Effects in Meta-Analysis",
  author    = "Hedges, Larry V",
  journal   = "Statistical Science",
  publisher = "Institute of Mathematical Statistics",
  volume    =  7,
  number    =  2,
  pages     = "246--255",
  year      =  1992,
  issn      = "0883-4237",
  doi       = "10.1214/ss/1177011364"
}

@MISC{Lee2016-bd,
  title        = "California just passed a \$15 minimum wage. Even left-leaning
                  economists say it's a gamble",
  booktitle    = "Vox",
  author       = "Lee, Timothy B",
  publisher    = "Vox",
  month        =  mar,
  year         =  2016,
  url          = "https://www.vox.com/2016/3/30/11332686/california-minimum-wage-gamble",
  note         = "Accessed: 2020-6-29"
}

@ARTICLE{Durante2013-yx,
  title     = "The fluctuating female vote: Politics, religion, and the
               ovulatory cycle",
  author    = "Durante, Kristina M and Rae, Ashley and Griskevicius, Vladas",
  journal   = "Psychological Science",
  publisher = "journals.sagepub.com",
  volume    =  24,
  number    =  6,
  pages     = "1007--1016",
  year      =  2013,
  url       = "http://dx.doi.org/10.1177/0956797612466416",
  language  = "en",
  issn      = "0956-7976, 1467-9280",
  pmid      = "23613210",
  doi       = "10.1177/0956797612466416"
}

@ARTICLE{Carney2010-we,
  title    = "Power posing: brief nonverbal displays affect neuroendocrine
              levels and risk tolerance",
  author   = "Carney, Dana R and Cuddy, Amy J C and Yap, Andy J",
  journal  = "Psychological Science",
  volume   =  21,
  number   =  10,
  pages    = "1363--1368",
  year     =  2010,
  language = "en",
  issn     = "0956-7976, 1467-9280",
  pmid     = "20855902",
  doi      = "10.1177/0956797610383437"
}


@ARTICLE{Carter2019-rw,
  title     = "Correcting for Bias in Psychology: A Comparison of
               Meta-Analytic Methods",
  author    = "Carter, Evan C and Sch{\"o}nbrodt, Felix D and Gervais, Will M
               and Hilgard, Joseph",
  journal   = "Advances in Methods and Practices in Psychological Science",
  publisher = "SAGE Publications Inc",
  volume    =  2,
  number    =  2,
  pages     = "115--144",
  year      =  2019,
  issn      = "2515-2459",
  doi       = "10.1177/2515245919847196"
}


  @Manual{memochange,
    title = {memochange: Testing for Structural Breaks under Long Memory and Testing for
Changes in Persistence},
    author = {Janis Becker and Kai Wenger},
    year = {2019},
    note = {R package version 1.1.0},
    url = {https://CRAN.R-project.org/package=memochange},
  }

@TECHREPORT{National_Science_Board2014-yl,
  title       = "Science and Engineering Indicators 2014. {Chapter} 7 Science and
                 Technology: Public Attitudes and Understanding",
  author      = "{National Science Board}",
  institution = "National Science Foundation",
  year        =  2014,
  url         = "https://www.nsf.gov/statistics/seind14/content/chapter-7/chapter-7.pdf"
}

@ARTICLE{Sterling1959-cq,
  title     = "Publication Decisions and their Possible Effects on Inferences
               Drawn from Tests of Significance---or Vice Versa",
  author    = "Sterling, Theodore D",
  journal   = "Journal of the American Statistical Association",
  publisher = "Taylor \& Francis",
  volume    =  54,
  number    =  285,
  pages     = "30--34",
  year      =  1959,
  issn      = "0162-1459",
  doi       = "10.1080/01621459.1959.10501497"
}

@BOOK{Johnson1994-ag,
  title     = "Continuous univariate distributions",
  author    = "Johnson, Norman Lloyd and Kotz, Samuel and Balakrishnan,
               Narayanaswamy",
  publisher = "Wiley",
  year      =  1994
}

@BOOK{Caplan2018-oj,
  title     = "The Case Against Education: Why the Education System is a Waste
               of Time and Money",
  author    = "Caplan, Bryan",
  publisher = "Princeton University Press",
  year      =  2018
}

@MISC{andikat-dennis,
  title        = "What is the general equation of the ellipse that is not in
                  the origin and rotated by an angle?",
  author       = "(https://math.stackexchange.com/users/82597/andikat-dennis),
                  Andikat Dennis",
  url          = "https://math.stackexchange.com/q/434482",
  howpublished = "Mathematics Stack Exchange",
  eprint       = "https://math.stackexchange.com/q/434482"
}

@BOOK{Rassler2012-rp,
  title     = "Statistical matching: A frequentist theory, practical
               applications, and alternative {Bayesian} approaches",
  author    = "R{\"a}ssler, Susanne",
  publisher = "Springer Science \& Business Media",
  volume    =  168,
  year      =  2012
}

@ARTICLE{Raykov2001-ap,
  title     = "Can There Be Infinitely Many Models Equivalent to a Given
               Covariance Structure Model?",
  author    = "Raykov, Tenko and Marcoulides, George A",
  journal   = "Structural Equation Modeling",
  publisher = "Routledge",
  volume    =  8,
  number    =  1,
  pages     = "142--149",
  year      =  2001,
  issn      = "1070-5511",
  doi       = "10.1207/S15328007SEM0801\_8"
}

@BOOK{Pearl2016-tc,
  title     = "Causal Inference in Statistics: A primer",
  author    = "Pearl, J and Glymour, M and Jewell, N P",
  publisher = "Wiley",
  year      =  2016
}

@BOOK{Pearl2009-zf,
  title     = "Causality",
  author    = "Pearl, J",
  publisher = "Cambridge University Press",
  year      =  2009
}

@BOOK{Manski1999-ab,
  title     = "Identification Problems in the Social Sciences",
  author    = "Manski, Charles F",
  publisher = "Harvard University Press",
  year      =  1999
}

@ARTICLE{Simmons2011-jv,
  title     = "False-positive psychology: undisclosed flexibility in data
               collection and analysis allows presenting anything as
               significant",
  author    = "Simmons, Joseph P and Nelson, Leif D and Simonsohn, Uri",
  journal   = "Psychological Science",
  publisher = "journals.sagepub.com",
  volume    =  22,
  number    =  11,
  pages     = "1359--1366",
  year      =  2011,
  language  = "en",
  doi       = "10.1177/0956797611417632"
}


@ARTICLE{Gelman2014-tf,
  title   = "The statistical crisis in science: data-dependent analysis--a``
             garden of forking paths''--explains why many statistically
             significant comparisons don't hold up",
  author  = "Gelman, Andrew and Loken, Eric",
  journal = "American Scientist",
  volume  =  102,
  number  =  6,
  pages   = "460--466",
  year    =  2014,
  issn    = "0003-0996",
  doi     = "10.1511/2014.111.460"
}

@ARTICLE{Vasishth2018-sq,
  title     = "The statistical significance filter leads to overoptimistic
               expectations of replicability",
  author    = "Vasishth, Shravan and Mertzen, Daniela and J{\"a}ger, Lena A and
               Gelman, Andrew",
  journal   = "Journal of Memory and Language",
  publisher = "Elsevier",
  volume    =  103,
  pages     = "151--175",
  year      =  2018,
  issn      = "0749-596X",
  doi       = "10.1016/j.jml.2018.07.004"
}

@ARTICLE{Motyl2017-dx,
  title     = "The state of social and personality science: Rotten to the core,
               not so bad, getting better, or getting worse?",
  author    = "Motyl, Matt and Demos, Alexander P and Carsel, Timothy S and
               Hanson, Brittany E and Melton, Zachary J and Mueller, Allison B
               and Prims, J P and Sun, Jiaqing and Washburn, Anthony N and
               Wong, Kendal M and Yantis, Caitlyn and Skitka, Linda J",
  journal   = "Journal of Personality and Social Psychology",
  publisher = "psycnet.apa.org",
  volume    =  113,
  number    =  1,
  pages     = "34--58",
  year      =  2017,
  language  = "en",
  issn      = "0022-3514, 1939-1315",
  pmid      = "28447837",
  doi       = "10.1037/pspa0000084"
}
