@article{duval_trim_2000,
	title = {Trim and fill: a simple funnel-plot{\textendash}based method of testing and adjusting for publication bias in meta-analysis},
	volume = {56},
	shorttitle = {Trim and fill},
	number = {2},
	journal = {Biometrics},
	author = {Duval, Sue and Tweedie, Richard},
	year = {2000},
	pages = {455--463},
	file = {Snapshot:C\:\\Users\\Jonas\\Zotero\\storage\\YTNA8SQF\\Duval and Tweedie - 2000 - Trim and fill a simple funnel-plot{\textendash}based method o:}
}

@article{ferguson_evidence_2007,
	title = {Evidence for publication bias in video game violence effects literature: {A} meta-analytic review},
	volume = {12},
	shorttitle = {Evidence for publication bias in video game violence effects literature},
	number = {4},
	journal = {Aggression and violent behavior},
	author = {Ferguson, Christopher J.},
	year = {2007},
	pages = {470--482},
	file = {Fulltext:C\:\\Users\\Jonas\\Zotero\\storage\\9JLL7GRJ\\S1359178907000055.html:text/html;Snapshot:C\:\\Users\\Jonas\\Zotero\\storage\\KAVGYZ34\\S1359178907000055.html:text/html}
}

@article{brunner_how_nodate,
	title = {How replicable is psychology? {A} comparison of four methods of estimating replicability on the basis of test statistics in original studies},
	shorttitle = {How replicable is psychology?},
	author = {Brunner, Jerry and Schimmack, Ulrich},
	file = {Fulltext:C\:\\Users\\Jonas\\Zotero\\storage\\NQ8MJJSH\\Brunner and Schimmack - How replicable is psychology A comparison of four.pdf:application/pdf;Snapshot:C\:\\Users\\Jonas\\Zotero\\storage\\XAMTZS9Y\\Brunner and Schimmack - How replicable is psychology A comparison of four.pdf:application/pdf}
}

@article{lakens_reproducibility_2016,
	title = {On the reproducibility of meta-analyses: {Six} practical recommendations},
	volume = {4},
	shorttitle = {On the reproducibility of meta-analyses},
	number = {1},
	journal = {BMC psychology},
	author = {Lakens, Dani{\"e}l and Hilgard, Joe and Staaks, Janneke},
	year = {2016},
	pages = {24},
	file = {Fulltext:C\:\\Users\\Jonas\\Zotero\\storage\\82Q5SF6C\\s40359-016-0126-3.html:text/html;Snapshot:C\:\\Users\\Jonas\\Zotero\\storage\\8N6L2QRS\\s40359-016-0126-3.html:text/html}
}

@article{stanley_beyond_2005,
	title = {Beyond publication bias},
	volume = {19},
	number = {3},
	journal = {Journal of economic surveys},
	author = {Stanley, Tom D.},
	year = {2005},
	pages = {309--345},
	file = {Fulltext:C\:\\Users\\Jonas\\Zotero\\storage\\2Z7MVTPJ\\scholar.html:text/html;Snapshot:C\:\\Users\\Jonas\\Zotero\\storage\\9SQBNRAX\\Stanley - 2005 - Beyond publication bias:}
}


@article{easterbrook_publication_1991,
	title = {Publication bias in clinical research},
	volume = {337},
	number = {8746},
	journal = {The Lancet},
	author = {Easterbrook, Phillipa J. and Gopalan, Ramana and Berlin, J. A. and Matthews, David R.},
	year = {1991},
	pages = {867--872},
	file = {Fulltext:C\:\\Users\\Jonas\\Zotero\\storage\\IA4LC7FL\\014067369190201Y.html:text/html;Snapshot:C\:\\Users\\Jonas\\Zotero\\storage\\FAPT62DU\\014067369190201Y.html:text/html}
}

@ARTICLE{Egger1997-ue,
  title     = "Meta-analysis: principles and procedures",
  author    = "Egger, M and Smith, G D and Phillips, A N",
  journal   = "British Medical Journal",
  publisher = "bmj.com",
  volume    =  315,
  number    =  7121,
  pages     = "1533--1537",
  year      =  1997,
  language  = "en",
  issn      = "0959-8138",
  pmid      = "9432252",
  doi       = "10.1136/bmj.315.7121.1533",
  pmc       = "PMC2127925"
}


@article{simonsohn_p-curve:_2014,
	title = {P-curve: a key to the file-drawer.},
	volume = {143},
	shorttitle = {P-curve},
	number = {2},
	journal = {Journal of Experimental Psychology: General},
	author = {Simonsohn, Uri and Nelson, Leif D. and Simmons, Joseph P.},
	year = {2014},
	pages = {534},
	file = {Fulltext:C\:\\Users\\Jonas\\Zotero\\storage\\YGSTXFT3\\Simonsohn et al. - 2014 - P-curve a key to the file-drawer..pdf:application/pdf;Snapshot:C\:\\Users\\Jonas\\Zotero\\storage\\QA448FYB\\2013-25331-001.html:text/html}
}

@book{carter_series_2015,
	title = {A series of meta-analytic tests of the depletion effect: self-control does not seem to rely on a limited resource.},
	shorttitle = {A series of meta-analytic tests of the depletion effect},
	publisher = {American Psychological Association},
	author = {Carter, Evan C. and Kofler, Lilly M. and Forster, Daniel E. and McCullough, Michael E.},
	year = {2015},
	file = {Snapshot:C\:\\Users\\Jonas\\Zotero\\storage\\EQB8647Y\\2015-26263-001.html:text/html}
}

@article{mcshane_adjusting_2016,
	title = {Adjusting for publication bias in meta-analysis: {An} evaluation of selection methods and some cautionary notes},
	volume = {11},
	shorttitle = {Adjusting for publication bias in meta-analysis},
	number = {5},
	journal = {Perspectives on Psychological Science},
	author = {McShane, Blakeley B. and B{\"o}ckenholt, Ulf and Hansen, Karsten T.},
	year = {2016},
	pages = {730--749},
	file = {Fulltext:C\:\\Users\\Jonas\\Zotero\\storage\\QFCTWS2Z\\1745691616662243.html:text/html;Snapshot:C\:\\Users\\Jonas\\Zotero\\storage\\JXHZ4LUJ\\1745691616662243.html:text/html}
}

@article{hedges_estimation_1984,
	title = {Estimation of effect size under nonrandom sampling: {The} effects of censoring studies yielding statistically insignificant mean differences},
	volume = {9},
	shorttitle = {Estimation of effect size under nonrandom sampling},
	number = {1},
	journal = {Journal of Educational Statistics},
	author = {Hedges, Larry V.},
	year = {1984},
	pages = {61--85},
	file = {Fulltext:C\:\\Users\\Jonas\\Zotero\\storage\\RR77DJGJ\\Hedges - 1984 - Estimation of effect size under nonrandom sampling.pdf:application/pdf;Snapshot:C\:\\Users\\Jonas\\Zotero\\storage\\GD9JC8ZN\\10769986009001061.html:text/html}
}

@article{cannon_meta-analysis_2006,
	title = {Meta-analysis of cardiovascular outcomes trials comparing intensive versus moderate statin therapy},
	volume = {48},
	number = {3},
	journal = {Journal of the American College of Cardiology},
	author = {Cannon, Christopher P. and Steinberg, Benjamin A. and Murphy, Sabina A. and Mega, Jessica L. and Braunwald, Eugene},
	year = {2006},
	pages = {438--445},
	file = {Fulltext:C\:\\Users\\Jonas\\Zotero\\storage\\SXKINGZQ\\S0735109706011752.html:text/html;Snapshot:C\:\\Users\\Jonas\\Zotero\\storage\\5VMQTK4B\\438.html:text/html}
}

@article{glass_primary_1976,
	title = {Primary, secondary, and meta-analysis of research},
	volume = {5},
	number = {10},
	journal = {Educational researcher},
	author = {Glass, Gene V.},
	year = {1976},
	pages = {3--8},
	file = {Fulltext:C\:\\Users\\Jonas\\Zotero\\storage\\8HB7ZFVF\\Glass - 1976 - Primary, secondary, and meta-analysis of research.pdf:application/pdf;Snapshot:C\:\\Users\\Jonas\\Zotero\\storage\\GYKZ3I5A\\Glass - 1976 - Primary, secondary, and meta-analysis of research.pdf:application/pdf}
}

@article{smith_meta-analysis_1977,
	title = {Meta-analysis of psychotherapy outcome studies.},
	volume = {32},
	number = {9},
	journal = {American psychologist},
	author = {Smith, Mary L. and Glass, Gene V.},
	year = {1977},
	pages = {752}
}

@book{borenstein_introduction_2009,
	title = {An {Introduction} to {Meta}-analysis},
	publisher = {Wiley Online Library},
	author = {Borenstein, Michael and Hedges, Larry V. and Higgins, Julian and Rothstein, Hannah R.},
	year = {2009},
	file = {Fulltext:C\:\\Users\\Jonas\\Zotero\\storage\\LHBD7R3U\\Borenstein et al. - 2009 - References.pdf:application/pdf;Snapshot:C\:\\Users\\Jonas\\Zotero\\storage\\EIVEL2TX\\Borenstein et al. - 2009 - References:}
}

@article{simmons_false-positive_2011,
	title = {False-positive psychology: {Undisclosed} flexibility in data collection and analysis allows presenting anything as significant},
	volume = {22},
	shorttitle = {False-positive psychology},
	number = {11},
	journal = {Psychological science},
	author = {Simmons, Joseph P. and Nelson, Leif D. and Simonsohn, Uri},
	year = {2011},
	pages = {1359--1366},
	file = {Fulltext:C\:\\Users\\Jonas\\Zotero\\storage\\V3TG7NJB\\0956797611417632.html:text/html;Snapshot:C\:\\Users\\Jonas\\Zotero\\storage\\WLGMLCPY\\0956797611417632.html:text/html}
}

@misc{gowers_how_2013,
	title = {How not to prove that {P} is not equal to {NP}},
	url = {https://gowers.wordpress.com/2013/10/03/how-not-to-prove-that-p-is-not-equal-to-np/},
	language = {English},
	urldate = {2017-11-29},
	journal = {Gower's Weblog},
	author = {Gowers, Timothy},
	year = {2013}
}

@article{ioannidis_why_2008,
	title = {Why most discovered true associations are inflated},
	volume = {19},
	number = {5},
	journal = {Epidemiology},
	author = {Ioannidis, John PA},
	year = {2008},
	pages = {640--648},
	file = {Fulltext:C\:\\Users\\Jonas\\Zotero\\storage\\V5AVR889\\Ioannidis - 2008 - Why most discovered true associations are inflated.pdf:application/pdf;Snapshot:C\:\\Users\\Jonas\\Zotero\\storage\\CRPEES96\\Why_Most_Discovered_True_Associations_Are_Inflated.2.html:text/html}
}

@article{sterling_publication_1959,
	title = {Publication decisions and their possible effects on inferences drawn from tests of significance{\textemdash}or vice versa},
	volume = {54},
	number = {285},
	journal = {Journal of the American statistical association},
	author = {Sterling, Theodore D.},
	year = {1959},
	pages = {30--34},
	file = {Snapshot:C\:\\Users\\Jonas\\Zotero\\storage\\A265C4YI\\01621459.1959.html:text/html}
}

@book{wampold_basics_2010,
	title = {The {Basics} of {Psychotherapy}},
	publisher = {American Psychological Association},
	author = {Wampold, Bruce E.},
	year = {2010},
	file = {Snapshot:C\:\\Users\\Jonas\\Zotero\\storage\\3SS5FPU8\\2009-18994-001.html:text/html}
}

@article{elson_twenty-five_2014,
	title = {Twenty-five years of research on violence in digital games and aggression},
	journal = {European Psychologist},
	author = {Elson, Malte and Ferguson, Christopher J.},
	year = {2014},
	file = {Fulltext:C\:\\Users\\Jonas\\Zotero\\storage\\Z6MW4GVD\\scholar.html:text/html;Snapshot:C\:\\Users\\Jonas\\Zotero\\storage\\U9R45VIK\\a000147.html:text/html}
}

@article{steegen_increasing_2016,
	title = {Increasing transparency through a multiverse analysis},
	volume = {11},
	number = {5},
	journal = {Perspectives on Psychological Science},
	author = {Steegen, Sara and Tuerlinckx, Francis and Gelman, Andrew and Vanpaemel, Wolf},
	year = {2016},
	pages = {702--712},
	file = {Fulltext:C\:\\Users\\Jonas\\Zotero\\storage\\38EU797M\\1745691616658637.html:text/html;Snapshot:C\:\\Users\\Jonas\\Zotero\\storage\\859DCU67\\1745691616658637.html:text/html}
}

@article{higgins_measuring_2003,
	title = {Measuring inconsistency in meta-analyses},
	volume = {327},
	number = {7414},
	journal = {BMJ: British Medical Journal},
	author = {Higgins, Julian PT and Thompson, Simon G. and Deeks, Jonathan J. and Altman, Douglas G.},
	year = {2003},
	pages = {557},
	file = {Fulltext:C\:\\Users\\Jonas\\Zotero\\storage\\YLFAMPJK\\PMC192859.html:text/html;Snapshot:C\:\\Users\\Jonas\\Zotero\\storage\\25DTHAE8\\PMC192859.html:text/html}
}

@book{friedman_elements_2001,
	title = {The elements of statistical learning},
	volume = {1},
	publisher = {Springer series in statistics New York},
	author = {Friedman, Jerome and Hastie, Trevor and Tibshirani, Robert},
	year = {2001},
	file = {Fulltext:C\:\\Users\\Jonas\\Zotero\\storage\\9TAALV5M\\Friedman et al. - 2001 - The elements of statistical learning.ps:application/postscript;Snapshot:C\:\\Users\\Jonas\\Zotero\\storage\\3V5FFXXT\\Friedman et al. - 2001 - The elements of statistical learning.ps:application/postscript}
}

@article{moreno_assessment_2009,
	title = {Assessment of regression-based methods to adjust for publication bias through a comprehensive simulation study},
	volume = {9},
	number = {1},
	journal = {BMC medical research methodology},
	author = {Moreno, Santiago G. and Sutton, Alex J. and Ades, A. E. and Stanley, Tom D. and Abrams, Keith R. and Peters, Jaime L. and Cooper, Nicola J.},
	year = {2009},
	pages = {2},
	file = {Fulltext:C\:\\Users\\Jonas\\Zotero\\storage\\SQX3RWKG\\Moreno et al. - 2009 - Assessment of regression-based methods to adjust f.pdf:application/pdf;Snapshot:C\:\\Users\\Jonas\\Zotero\\storage\\8MK4MLCD\\Moreno et al. - 2009 - Assessment of regression-based methods to adjust f.pdf:application/pdf}
}

@article{simpson_penalising_2017,
	title = {Penalising model component complexity: {A} principled, practical approach to constructing priors},
	volume = {32},
	shorttitle = {Penalising model component complexity},
	number = {1},
	journal = {Statistical Science},
	author = {Simpson, Daniel and Rue, H{\textbackslash}a avard and Riebler, Andrea and Martins, Thiago G. and S{\o}rbye, Sigrunn H.},
	year = {2017},
	pages = {1--28},
	file = {Fulltext:C\:\\Users\\Jonas\\Zotero\\storage\\8KLKPNY8\\Simpson et al. - 2017 - Penalising model component complexity A principle.pdf:application/pdf;Snapshot:C\:\\Users\\Jonas\\Zotero\\storage\\HU8KRXBX\\1491465621.html:text/html}
}

@misc{simonsohn_[59]_2017,
	title = {[59] {PET}-{PEESE} {Is} {Not} {Like} {Homeopathy}},
	url = {http://datacolada.org/59},
	abstract = {PET-PEESE is a meta-analytical tool that seeks to correct for publication bias. In a footnote in my previous post (.htm), I referred to is as the homeopathy of meta-analysis. That was unfair and in{\textellipsis}},
	urldate = {2017-12-04},
	journal = {Data Colada},
	author = {Simonsohn, Uri},
	month = apr,
	year = {2017},
	file = {Snapshot:C\:\\Users\\Jonas\\Zotero\\storage\\PQP7GWWD\\59.html:text/html}
}

@misc{simonsohn_[58]_2017,
	title = {[58] {The} {Funnel} {Plot} is {Invalid} {Because} of {This} {Crazy} {Assumption}: r(n,d)=0},
	shorttitle = {[58] {The} {Funnel} {Plot} is {Invalid} {Because} of {This} {Crazy} {Assumption}},
	url = {http://datacolada.org/58},
	abstract = {The funnel plot is a beloved meta-analysis tool. It is typically used to answer the question of whether a set of studies exhibits publication bias. That{\textquoteright}s a bad question because we always know the {\textellipsis}},
	urldate = {2017-12-04},
	journal = {Data Colada},
	author = {Simonsohn, Uri},
	month = mar,
	year = {2017},
	file = {Snapshot:C\:\\Users\\Jonas\\Zotero\\storage\\BF646YVZ\\58.html:text/html}
}

@misc{gervais_putting_2015,
	title = {Putting {PET}-{PEESE} to the test...},
	url = {http://willgervais.com/blog/2015/6/25/putting-pet-peese-to-the-test-1},
	abstract = {Testing a test of tests...},
	urldate = {2017-12-04},
	journal = {Will Gervais},
	author = {Gervais, Will},
	year = {2015},
	file = {Snapshot:C\:\\Users\\Jonas\\Zotero\\storage\\VVSMUGLN\\putting-pet-peese-to-the-test-1.html:text/html}
}

@article{doucouliagos_publication_2009,
	title = {Publication selection bias in minimum-wage research? {A} meta-regression analysis},
	volume = {47},
	shorttitle = {Publication selection bias in minimum-wage research?},
	number = {2},
	journal = {British Journal of Industrial Relations},
	author = {Doucouliagos, Hristos and Stanley, Tom D.},
	year = {2009},
	pages = {406--428},
	file = {Fulltext:C\:\\Users\\Jonas\\Zotero\\storage\\QEMT54HB\\Doucouliagos and Stanley - 2009 - Publication selection bias in minimum-wage researc.pdf:application/pdf;Snapshot:C\:\\Users\\Jonas\\Zotero\\storage\\AXKMN6AI\\Doucouliagos and Stanley - 2009 - Publication selection bias in minimum-wage researc:}
}

@article{gotzsche_data_2007,
	title = {Data extraction errors in meta-analyses that use standardized mean differences},
	volume = {298},
	number = {4},
	journal = {JAMA},
	author = {G{\o}tzsche, Peter C. and Hr{\'o}bjartsson, Asbj{\o}rn and Mari{\'c}, Katja and Tendal, Britta},
	year = {2007},
	pages = {430--437},
	file = {Fulltext:C\:\\Users\\Jonas\\Zotero\\storage\\B3WRRNUE\\208139.html:text/html;Snapshot:C\:\\Users\\Jonas\\Zotero\\storage\\W8H9BLI4\\208139.html:text/html}
}

@book{oyserman_does_2008,
	title = {Does culture influence what and how we think? {Effects} of priming individualism and collectivism.},
	shorttitle = {Does culture influence what and how we think?},
	publisher = {American Psychological Association},
	author = {Oyserman, Daphna and Lee, Spike WS},
	year = {2008},
	file = {Fulltext:C\:\\Users\\Jonas\\Zotero\\storage\\CE652J2F\\Oyserman and Lee - 2008 - Does culture influence what and how we think Effe.pdf:application/pdf;Snapshot:C\:\\Users\\Jonas\\Zotero\\storage\\EGPK8SMC\\2008-01984-007.html:text/html}
}

@article{egger_language_1997,
	title = {Language bias in randomised controlled trials published in {English} and {German}},
	volume = {350},
	number = {9074},
	journal = {The Lancet},
	author = {Egger, Matthias and Zellweger-Z{\"a}hner, Tanja and Schneider, Martin and Junker, Christoph and Lengeler, Christian and Antes, Gerd},
	year = {1997},
	pages = {326--329},
	file = {Fulltext:C\:\\Users\\Jonas\\Zotero\\storage\\2RVTZI8L\\S0140673697024197.html:text/html;Snapshot:C\:\\Users\\Jonas\\Zotero\\storage\\KDJTSKCY\\S0140673697024197.html:text/html}
}

@article{lakens_reproducibility_2016-1,
	title = {On the reproducibility of meta-analyses: {Six} practical recommendations},
	volume = {4},
	shorttitle = {On the reproducibility of meta-analyses},
	number = {1},
	journal = {BMC psychology},
	author = {Lakens, Dani{\"e}l and Hilgard, Joe and Staaks, Janneke},
	year = {2016},
	pages = {24},
	file = {Fulltext:C\:\\Users\\Jonas\\Zotero\\storage\\UZ6VWI9X\\s40359-016-0126-3.html:text/html;Snapshot:C\:\\Users\\Jonas\\Zotero\\storage\\9FZW3X73\\s40359-016-0126-3.html:text/html}
}

@book{anderson_violent_2010,
	title = {Violent video game effects on aggression, empathy, and prosocial behavior in eastern and western countries: a meta-analytic review.},
	shorttitle = {Violent video game effects on aggression, empathy, and prosocial behavior in eastern and western countries},
	publisher = {American Psychological Association},
	author = {Anderson, Craig A. and Shibuya, Akiko and Ihori, Nobuko and Swing, Edward L. and Bushman, Brad J. and Sakamoto, Akira and Rothstein, Hannah R. and Saleem, Muniba},
	year = {2010},
	file = {Fulltext:C\:\\Users\\Jonas\\Zotero\\storage\\XUX74UHD\\Anderson et al. - 2010 - Violent video game effects on aggression, empathy,.pdf:application/pdf;Snapshot:C\:\\Users\\Jonas\\Zotero\\storage\\XBBZKPVI\\2010-03383-001.html:text/html}
}

@article{ferguson_much_2010,
	title = {Much ado about nothing: the misestimation and overinterpretation of violent video game effects in eastern and western nations: comment on {Anderson} et al.(2010).},
	shorttitle = {Much ado about nothing},
	author = {Ferguson, Christopher J. and Kilburn, John},
	year = {2010},
	file = {Fulltext:C\:\\Users\\Jonas\\Zotero\\storage\\GUDW4HKU\\Ferguson and Kilburn - 2010 - Much ado about nothing the misestimation and over.pdf:application/pdf;Snapshot:C\:\\Users\\Jonas\\Zotero\\storage\\9LP5DA2J\\2010-03383-002.html:text/html}
}

@article{ferguson_angry_2015,
	title = {Do angry birds make for angry children? {A} meta-analysis of video game influences on children{\textquoteright}s and adolescents{\textquoteright} aggression, mental health, prosocial behavior, and academic performance},
	volume = {10},
	shorttitle = {Do angry birds make for angry children?},
	number = {5},
	journal = {Perspectives on Psychological Science},
	author = {Ferguson, Christopher J.},
	year = {2015},
	pages = {646--666},
	file = {Fulltext:C\:\\Users\\Jonas\\Zotero\\storage\\DJJLU9JZ\\1745691615592234.html:text/html;Snapshot:C\:\\Users\\Jonas\\Zotero\\storage\\GMB8ZQJE\\1745691615592234.html:text/html}
}

@article{kanamori_angry_2016,
	title = {Angry birds, angry children and angry meta-analysts},
	volume = {11},
	number = {3},
	journal = {Perspectives on Psychological Science},
	author = {Kanamori, F. and Doi, S.},
	year = {2016},
	pages = {408--414}
}

@article{gentile_what_2015,
	title = {What is a good skeptic to do? {The} case for skepticism in the media violence discussion},
	volume = {10},
	shorttitle = {What is a good skeptic to do?},
	number = {5},
	journal = {Perspectives on psychological science},
	author = {Gentile, Douglas A.},
	year = {2015},
	pages = {674--676},
	file = {Fulltext:C\:\\Users\\Jonas\\Zotero\\storage\\7R6LJPYY\\1745691615592238.html:text/html;Snapshot:C\:\\Users\\Jonas\\Zotero\\storage\\YFT4HA9N\\1745691615592238.html:text/html}
}

@article{gentile_effects_2009,
	title = {The effects of prosocial video games on prosocial behaviors: {International} evidence from correlational, longitudinal, and experimental studies},
	volume = {35},
	shorttitle = {The effects of prosocial video games on prosocial behaviors},
	number = {6},
	journal = {Personality and Social Psychology Bulletin},
	author = {Gentile, Douglas A. and Anderson, Craig A. and Yukawa, Shintaro and Ihori, Nobuko and Saleem, Muniba and Ming, Lim Kam and Shibuya, Akiko and Liau, Albert K. and Khoo, Angeline and Bushman, Brad J.},
	year = {2009},
	pages = {752--763},
	file = {Fulltext:C\:\\Users\\Jonas\\Zotero\\storage\\N5QBHB2D\\Gentile et al. - 2009 - The effects of prosocial video games on prosocial .pdf:application/pdf;Snapshot:C\:\\Users\\Jonas\\Zotero\\storage\\Y42B7TE4\\0146167209333045.html:text/html}
}

@article{nuijten_prevalence_2016,
	title = {The prevalence of statistical reporting errors in psychology (1985{\textendash}2013)},
	volume = {48},
	number = {4},
	journal = {Behavior research methods},
	author = {Nuijten, Mich{\`e}le B. and Hartgerink, Chris HJ and van Assen, Marcel ALM and Epskamp, Sacha and Wicherts, Jelte M.},
	year = {2016},
	pages = {1205--1226},
	file = {Fulltext:C\:\\Users\\Jonas\\Zotero\\storage\\VGRCBJRR\\s13428-015-0664-2.html:text/html;Snapshot:C\:\\Users\\Jonas\\Zotero\\storage\\78AZEPCD\\s13428-015-0664-2.html:text/html}
}

@article{rosenthal_file_1979,
	title = {The file drawer problem and tolerance for null results.},
	volume = {86},
	number = {3},
	journal = {Psychological bulletin},
	author = {Rosenthal, Robert},
	year = {1979},
	pages = {638},
	file = {Fulltext:C\:\\Users\\Jonas\\Zotero\\storage\\C9SQ5EJ3\\Rosenthal - 1979 - The file drawer problem and tolerance for null res.pdf:application/pdf;Snapshot:C\:\\Users\\Jonas\\Zotero\\storage\\AN5QKPD8\\1979-27602-001.html:text/html}
}

@article{sterling_publication_1959-1,
	title = {Publication decisions and their possible effects on inferences drawn from tests of significance{\textemdash}or vice versa},
	volume = {54},
	number = {285},
	journal = {Journal of the American statistical association},
	author = {Sterling, Theodore D.},
	year = {1959},
	pages = {30--34},
	file = {Snapshot:C\:\\Users\\Jonas\\Zotero\\storage\\AUTZ63AS\\01621459.1959.html:text/html}
}

@techreport{van_der_zee_statistical_2017,
	title = {Statistical heartburn: {An} attempt to digest four pizza publications from the {Cornell} {Food} and {Brand} {Lab}},
	shorttitle = {Statistical heartburn},
	institution = {PeerJ Preprints},
	author = {van der Zee, Tim and Anaya, Jordan and Brown, Nicholas JL},
	year = {2017},
	file = {Fulltext:C\:\\Users\\Jonas\\Zotero\\storage\\9NMTQZU9\\van der Zee et al. - 2017 - Statistical heartburn An attempt to digest four p.pdf:application/pdf;Snapshot:C\:\\Users\\Jonas\\Zotero\\storage\\UNFC5SQM\\van der Zee et al. - 2017 - Statistical heartburn An attempt to digest four p.pdf:application/pdf}
}

@article{viechtbauer_conducting_2010,
	title = {Conducting meta-analyses in {R} with the metafor package},
	volume = {36},
	number = {3},
	journal = {J Stat Softw},
	author = {Viechtbauer, Wolfgang},
	year = {2010},
	pages = {1--48},
	file = {Fulltext:C\:\\Users\\Jonas\\Zotero\\storage\\EW5ANURZ\\Viechtbauer - 2010 - Conducting meta-analyses in R with the metafor pac.pdf:application/pdf;Snapshot:C\:\\Users\\Jonas\\Zotero\\storage\\99JRDVER\\Viechtbauer - 2010 - Conducting meta-analyses in R with the metafor pac.pdf:application/pdf}
}

@article{team_r_2000,
	title = {R language definition},
	journal = {Vienna, Austria: R foundation for statistical computing},
	author = {Team, R. Core},
	year = {2000},
	file = {Fulltext:C\:\\Users\\Jonas\\Zotero\\storage\\FKLUESIZ\\Team - 2000 - R language definition.pdf:application/pdf;Snapshot:C\:\\Users\\Jonas\\Zotero\\storage\\T4MIWCVQ\\Team - 2000 - R language definition.pdf:application/pdf}
}